3096 4880
697 299 742 365 '67

154 478 321 546 nevissent
347 490 380 545 et
406 505 441 548 se
468 491 558 549 totos
587 483 780 551 libidinibus
803 483 981 571 dedissent,
1003 485 1124 572 quibus
1146 494 1271 557 caecati

153 582 206 646 vel
228 581 417 650 domesticis
439 585 530 652 vitiis
554 594 652 672 atque
674 587 810 675 flagitiis
833 609 867 654 se
888 588 1148 673 inquinavissent
1161 595 1214 658 vel
1236 618 1271 659 re

152 683 284 769 publica
298 685 454 752 violanda
468 686 600 754 fraudes
614 688 822 776 inexpiabilis
837 692 1073 777 concepissent,
1088 695 1128 761 iis
1140 695 1272 761 devium

152 785 320 869 quoddam
341 789 405 854 iter
425 811 507 874 esse,
530 792 692 858 seclusum
715 815 737 856 a
755 793 895 858 concilio
910 793 1060 874 deorum3
1083 798 1141 881 qui
1163 807 1272 863 autem

153 910 189 952 se
203 888 350 976 integros
364 901 540 977 castosque
555 893 785 978 servavissent,
807 896 993 981 quibusque
1007 897 1125 964 fuisset
1139 901 1274 967 minima

153 1013 229 1056 cum
251 994 447 1079 corporibus
475 997 629 1083 contagio
653 1017 789 1081 seseque
811 997 853 1062 ab
874 999 916 1063 iis
939 1021 1066 1086 semper
1087 1005 1273 1070 sevocavis-
1383 1013 1386 1018 '

154 1103 228 1160 sent
242 1106 418 1182 essentque
431 1098 465 1162 in
479 1099 674 1185 corporibus
695 1098 847 1164 humanis
862 1101 964 1165 vitam
979 1102 1099 1168 imitati
1126 1103 1277 1191 deorum,

153 1197 201 1263 eis
218 1195 260 1262 ad
277 1199 366 1283 illos,
382 1225 403 1266 a
418 1201 538 1286 quibus
554 1211 664 1270 essent
678 1203 834 1288 profecti,
850 1203 992 1268 reditum
1008 1203 1136 1271 facilem
1151 1217 1272 1294 patere.

239 1306 303 1386 24,
326 1305 453 1370 Versus
475 1304 550 1371 illos
572 1303 607 1369 hi
630 1314 825 1390 sequuntur:

155 1435 226 1507 Δ(15.
246 1437 299 1509 78.)
604 1439 734 1495 Referam
752 1439 819 1508 quid
837 1447 937 1498 cuneta
954 1445 1114 1501 domantem

317 1528 611 1599 Amphitryoniaden?
628 1527 704 1598 quid,
722 1528 766 1581 cui
784 1533 850 1596 post
866 1529 946 1584 Seras
965 1535 994 1584 et
1011 1532 1096 1586 Indos

318 1616 434 1686 Captivo
453 1616 541 1672 Liber
558 1630 621 1672 cum
638 1617 717 1688 signa
734 1617 852 1672 referret
869 1617 904 1672 ab
922 1618 1009 1687 Euro,

318 1703 473 1760 Caucaseae
491 1721 602 1758 curram
620 1703 724 1759 duxere
741 1722 792 1774 per
810 1704 915 1774 oppida
932 1705 1038 1773 tigres?

319 1791 392 1859 Quid
410 1791 562 1861 suspiratos
580 1807 681 1862 magno
706 1791 735 1846 in
753 1791 912 1846 discrimine
930 1793 1021 1848 nautis

320 1879 450 1935 Ledaeos
472 1879 589 1934 referam
607 1880 729 1950 fratres,
749 1883 927 1947 vestrumque
951 1880 1117 1950 Quirinum?

159 2021 254 2104 Quos
270 2020 401 2086 eosdem
416 2019 497 2085 deos
517 2018 630 2086 eodem
645 2020 713 2085 fere
732 2019 848 2086 ordine
863 2017 979 2086 Cicero
995 2021 1128 2087 Tuscul.
1145 2022 1229 2110 disp.
1248 2029 1277 2110 1,

153 2130 209 2195 12.
232 2129 284 2194 20.
307 2124 468 2190 nominat:
498 2146 539 2187 ex
560 2122 624 2188 hoc
646 2132 679 2188 et
700 2132 890 2189 nostrorum
913 2124 1068 2209 opinione

410 2259 546 2316 Romulus
563 2259 593 2313 in
611 2260 687 2314 caelo
706 2275 769 2313 cum
787 2260 830 2313 dis
854 2259 913 2329 agit
930 2277 1028 2314 aevum

159 2392 198 2450 ut
218 2384 324 2448 famae
347 2379 532 2447 adsentiens
554 2378 640 2445 dixit
654 2379 793 2464 EnniuS,
816 2387 849 2444 et
872 2379 960 2467 apud
976 2377 1123 2449 Graecos
1139 2383 1279 2470 indeque

160 2488 332 2575 perlapsus
355 2482 397 2549 ad
418 2506 479 2549 nos
501 2492 535 2548 et
556 2505 660 2568 usque
683 2481 725 2548 ad
748 2481 917 2548 Oceanum
940 2482 1086 2549 Hercules
1111 2495 1224 2552 tantus
1247 2496 1281 2552 et

160 2599 228 2656 tam
243 2611 397 2676 praesens
412 2585 553 2654 habetur
567 2585 664 2665 deus3
686 2585 763 2650 hinc
777 2585 877 2649 Ia'her
892 2585 1020 2651 Semela
1034 2596 1132 2653 natus
1150 2588 1279 2655 eadem·

129 2767 133 2774 ¹
160 2716 225 2778 que
238 2693 345 2756 famae
362 2689 551 2780 celebritate
568 2688 770 2775 Tyndaridae
783 2687 920 2772 fratres,
942 2689 999 2773 qui
1021 2713 1086 2754 non
1101 2691 1199 2757 modo
1222 2692 1280 2757 ad-

156 2800 284 2883 jutores
306 2794 341 2859 in
362 2793 496 2879 proeliis
515 2792 674 2856 victoriae
695 2792 810 2878 populi
823 2791 965 2857 Romani
980 2791 1038 2857 sed
1053 2794 1152 2858 etiam
1175 2795 1282 2859 nuntii

160 2899 264 2965 fuisse
285 2896 506 2984 perhibentur.
1064 2907 1067 2910 ·

245 3005 309 3084 25,
331 2995 460 3063 Deinde
483 3005 664 3082 sequuntur
685 2994 721 3060 hi
743 3019 873 3064 versus:

179 3139 243 3208 (84.)
285 3137 385 3192 Nonne
402 3135 489 3202 vides,
507 3133 651 3190 hominum
668 3136 701 3187 ut
717 3133 807 3188 celsos
825 3134 861 3187 ad
879 3134 970 3188 sidera
988 3135 1079 3190 vultus

283 3223 432 3280 sustulerit
449 3222 534 3290 Deus,
552 3237 584 3276 ac
602 3220 731 3276 sublimia
748 3220 859 3275 finxerit
877 3239 938 3290 ora,

283 3313 351 3367 Cum
368 3311 498 3381 pecudes,
517 3309 715 3378 volucrumque
732 3327 819 3380 genus
837 3309 996 3378 formasque
1013 3308 1135 3364 ferarum

283 3401 402 3471 Segnem
420 3404 502 3468 atque
526 3398 693 3452 obscoenam
711 3397 815 3465 passim
837 3397 983 3452 stravisset
1000 3397 1029 3450 in
1046 3397 1160 3452 alvum?

163 3543 259 3626 Quos
282 3562 452 3626 compares
480 3561 554 3603 cum
581 3536 655 3602 loco
679 3534 895 3601 Ciceroniano
922 3535 963 3601 de
986 3537 1082 3624 legib.
1108 3544 1137 3620 1,
1159 3541 1188 3605 9.
1212 3543 1283 3607 26.:

160 3670 236 3712 nam
269 3666 344 3709 cum
375 3652 502 3709 ceteros
530 3640 705 3706 animantis
733 3639 907 3725 abjecisset
933 3637 976 3705 ad
1002 3648 1148 3726 pastum,
1177 3641 1283 3706 solum

160 3747 325 3813 hominem
347 3746 453 3811 erexit
474 3755 507 3809 et
531 3741 573 3810 ad
597 3743 678 3807 caeli
707 3743 802 3827 quasi
830 3743 1037 3829 cognationis
1059 3741 1283 3829 domiciliique

161 3850 295 3938 pristini
325 3856 537 3933 conspectum
563 3845 770 3910 excitavit..
788 3895 796 3908 .
813 3893 837 3928 .,
860 3854 893 3909 et
918 3843 959 3908 de
992 3843 1129 3909 deorum
1153 3855 1221 3911 nat.
1250 3851 1283 3930 2,

160 3959 212 4023 56.
238 3958 325 4023 140.:
348 3972 433 4037 quae
453 3949 595 4036 primum
618 3970 675 4013 eos
688 3946 788 4012 humo
805 3947 966 4012 excitatos
981 3947 1086 4012 celsos
1108 3957 1143 4012 et
1157 3959 1284 4016 erectos

160 4057 345 4140 constituit,
367 4062 406 4118 ut
428 4051 563 4129 deorum
590 4049 810 4136 cognitionem
831 4050 957 4114 caelum
979 4050 1143 4118 intuentes
1166 4073 1282 4138 capere

163 4170 321 4248 possent.
339 4211 346 4225 .
364 4209 371 4222 .
389 4207 396 4221 .

918 4255 1080 4311 ,μ
