3096 4880
658 285 696 353 77

119 477 239 544 Silium
260 478 383 542 fontem
410 478 512 544 fuisse
534 477 705 563 Appiano,
733 499 864 542 censere
886 476 962 541 lieet
985 477 1159 566 Polybium
1181 481 1234 548 his

117 601 250 664 quoque
272 581 354 646 locis
377 579 461 647 Silio
483 590 559 644 ante
581 580 695 646 oculos
717 580 828 646 fuisse.

201 681 247 747 Et
274 683 466 770 Appianum
493 681 626 767 quidem
653 705 694 747 ex
722 681 863 769 Polybio
898 681 1047 750 hausisse
1075 685 1132 748 olii
1159 686 1233 753 aliis

117 786 319 873 argumentis
358 786 643 850 confirmaverunt.
695 785 783 851 Mihi
822 794 931 851 autem
969 807 1055 851 nunc
1091 787 1234 872 primum

114 910 239 974 paucas
261 910 313 953 res
336 913 356 954 3
378 887 461 955 Silio
483 909 615 972 quoque
636 887 671 951 in
692 889 835 954 carmine
857 911 917 955 suo
938 897 1097 954 tractatas
1119 889 1235 956 afferre

102 992 226 1076 liceat,
248 1013 333 1076 quae
354 990 486 1056 eaedem
509 989 598 1077 apud
620 990 812 1077 Appianum
826 991 1071 1079 Polybiumque
1092 1001 1233 1060 exstant.

114 1093 169 1160 Ea
201 1095 287 1159 enim
319 1115 405 1178 quae
443 1115 544 1179 supra
576 1092 617 1158 de
649 1103 756 1159 morte
788 1094 988 1161 Hamilcaris
1022 1094 1233 1181 exposuimus

115 1197 213 1284 (pag.
252 1198 340 1282 71),
381 1194 439 1260 ubi
475 1181 594 1263 Silius
619 1203 652 1260 et
690 1196 850 1283 Polybius
897 1207 1098 1284 congruunt,
1145 1198 1234 1285 apud

115 1299 309 1385 Appianum
336 1320 469 1383 quoque
496 1300 651 1385 leguntur
675 1298 718 1364 'de
744 1299 831 1364 bello
857 1300 1077 1366 Hannibalico
1105 1324 1176 1388 cap.
1203 1307 1234 1372 2.

117 1400 248 1466 Deinde
276 1424 361 1486 quae
389 1401 551 1489 Polybius
578 1400 682 1466 tradit
708 1401 764 1467 lib.
794 1409 832 1488 3,
859 1425 930 1488 cap.
954 1407 1012 1486 33,
1034 1403 1064 1487 ξ.
1090 1408 1117 1472 1.
1140 1409 1171 1472 2.
1194 1403 1235 1470 de

117 1504 238 1591 legatis
260 1502 419 1570 Romanis
436 1503 670 1591 Carthaginem
692 1505 814 1588 missis,
836 1527 976 1589 quorum
997 1526 1082 1570 unus
1105 1505 1139 1578 in
1161 1507 1236 1572 sinu

119 1630 154 1672 se
176 1615 308 1695 gestare
331 1616 364 1673 et
385 1607 508 1672 bellurn
529 1616 564 1672 et
585 1629 700 1694 paoem
721 1606 817 1691 dixit,
841 1607 1015 1693 Appianus
1036 1617 1151 1672 narrat
1172 1609 1236 1675 eis·

119 1709 193 1775 dem
220 1709 287 1776 fere
314 1710 425 1776 verbis
451 1710 508 1774 lib.
537 1713 568 1778 6.
597 1707 638 1774 de
666 1709 764 1776 rebus
791 1709 932 1797 Hispan.
961 1732 1032 1796 cap.
1057 1714 1107 1778 13.
1130 1711 1236 1797 (apud

119 1811 239 1880 Silium
260 1813 316 1878 lib.
340 1817 377 1896 2,
399 1837 430 1878 v.
453 1814 664 1898 380.—89.).
708 1813 793 1877 Tum
820 1813 965 1878 narratio
988 1812 1045 1877 illa
1066 1811 1107 1878 de
1128 1813 1235 1881 bobus

118 1915 240 2002 quibus
262 1915 345 1980 rami
368 1922 496 1981 arentes
519 1923 551 1980 et
574 1924 738 1981 sarmenta
759 1915 888 1980 urentia
909 1915 949 2000 in¹
969 1915 1123 1982 cornibus
1145 1916 1236 1980 inne·

106 2025 253 2083 etuntur
286 2026 324 2082 ut
350 2017 448 2084 Fabii
479 2018 638 2083 exercitui
669 2027 828 2083 terrorem
860 2018 1020 2104 injiciant,
1051 2017 1234 2106 aPolybio

117 2120 175 2185 lib.
197 2127 229 2204 3,
252 2144 323 2207 cap.
347 2123 398 2188 93.
414 2124 513 2190 3194.
537 2129 570 2185 et
592 2120 634 2186 ab
655 2121 811 2207 Appiano
834 2121 890 2186 lib.
914 2126 944 2205 7,
966 2143 1037 2208 cap.
1063 2124 1112 2190 14.
1135 2130 1168 2187 et
1184 2124 1233 2190 15.

117 2221 228 2288 verbis
244 2222 417 2289 simillimis
432 2221 577 2288 traditur
596 2224 664 2310 (ap.
687 2223 806 2292 Silium
821 2229 852 2308 7,
866 2228 931 2292 310
946 2226 1045 2310 sqq.).
1082 2223 1237 2290 Poteram

118 2324 273 2390 facillime
293 2325 375 2391 haec
397 2327 547 2414 exempla
567 2325 750 2413 duplicare3
775 2326 833 2394 sed
848 2325 891 2392 ad
912 2328 987 2394 illos
1008 2328 1100 2394 locos
1123 2325 1235 2392 redea-

119 2450 204 2511 mus,
237 2429 357 2513 quibus
384 2428 498 2514 Silius,
531 2452 606 2496 eum
632 2428 746 2495 eadem
777 2428 890 2495 tradat
922 2438 1022 2514 atque
1049 2429 1235 2516 Appianus,

120 2530 298 2618 Polybium
321 2540 454 2599 secutus
475 2531 710 2599 videturesse.

208 2637 269 2718 11.
291 2633 333 2699 In
353 2659 465 2723 pugna
487 2634 529 2700 ad
551 2635 687 2701 Zamam
707 2635 796 2700 facta
810 2634 945 2700 Laelius
959 2634 1122 2719 Bruttios,
1144 2635 1237 2700 Han-

120 2735 263 2801 nibalem
295 2758 336 2801 ex
370 2738 468 2804 Italia
496 2736 706 2804 decedentem
739 2746 869 2804 secutos
901 2737 1056 2802 acerrime
1088 2737 1236 2825 increpat

120 2839 209 2903 etin
231 2839 344 2926 fugam
367 2841 483 2920 vertit3
511 2842 613 2907 aciem
641 2850 749 2906 autem
767 2843 836 2926 jam
858 2839 1047 2906 inclinatam
1069 2840 1238 2906 Hannibal

120 2942 193 3028 ipse
215 2942 371 3008 restituit.
415 2943 512 3008 Hanc
526 2965 595 3008 rem
610 2942 712 3011 Silius
735 2943 783 3010 sic
804 2941 907 3008 tradit
928 2943 1236 3029 (lib.1t‚v.444.):

275 3114 349 3181 Quos
367 3114 415 3169 ubi
433 3115 568 3170 nudantes
586 3117 733 3186 conspexit
750 3115 907 3171 Hamilcare
924 3121 1016 3170 cretus

274 3202 365 3273 Terga
382 3203 462 3274 fuga,
480 3202 571 3273 State,
589 3221 622 3258 33
639 3208 766 3258 nostram
782 3220 819 3258 ne
835 3203 947 3273 prodite
964 3205 1085 3275 gentem,

274 3290 435 3346 Vociferans
454 3290 538 3360 subit,
556 3295 585 3345 et
602 3291 742 3346 convertit
758 3291 865 3361 proelia
883 3291 989 3346 dextra

121 3446 239 3513 Livius
267 3446 308 3513 de
336 3447 398 3514 hac
423 3471 459 3513 re
488 3445 571 3514 nihil
596 3445 700 3512 tradit
725 3447 789 3514 nisi
815 3446 880 3513 hoc
905 3447 963 3513 lib.
984 3451 1042 3531 30,
1060 3469 1141 3534 cap.
1168 3449 1236 3514 33:

121 3547 252 3616 modico
278 3549 396 3617 deinde
423 3551 595 3616 intervallo
626 3550 740 3615 relicto
772 3541 993 3617 subsidiarum
1021 3550 1123 3615 aciem
1144 3548 1238 3613 Itali-

122 3674 236 3717 corum
256 3654 398 3718 militum
420 3692 461 3701 -
479 3653 605 3719 Bruttii
617 3653 774 3739 'plerique
797 3663 902 3737 erant,
930 3653 964 3718 vi
986 3674 1024 3717 ae
1044 3651 1239 3716 necessitate

122 3755 234 3841 plures
257 3778 356 3839 quam
379 3779 439 3822 sua
466 3757 635 3821 voluntate
657 3754 867 3820 decedentem
888 3778 928 3819 ex
950 3755 1049 3820 Italia
1071 3754 1176 3820 secuti
1198 3791 1239 3801 -

231 3858 390 3924 instruxit
417 3859 482 3943 (sc.
510 3857 710 3943 Hannibal.)
737 3856 957 3922 Hannibalem
990 3864 1099 3921 autem
1131 3856 1240 3942 ipsum

122 3983 267 4047 pugnarn
289 3961 491 4026 instaurasse
513 3960 631 4025 Livius
658 3982 699 4024 ne
721 3959 820 4024 verbo
843 3958 975 4044 quidem
997 3968 1237 4025 commemorat.

122 4063 162 4127 In
184 4063 376 4150 fragmentis
398 4047 507 4127 autern
523 4061 714 4148 Polybianis
733 4061 811 4126 libri
825 4063 932 4146 quinti
954 4061 1072 4126 decimi
1092 4084 1162 4148 cap.
1190 4067 1238 4145 12,

124 4189 156 4251 p.
180 4171 209 4234 7.
232 4165 313 4233 haee
335 4174 524 4231 narrantur:
548 4217 554 4231 .
571 4214 579 4229 .
596 4215 602 4228 .
618 4214 625 4229 .
641 4164 765 4244 Λαίλιος
779 4217 784 4229 .
799 4214 805 4228 .
819 4214 825 4228 .
838 4165 975 4234 ἐπέκειτο
996 4172 1060 4244 τοῖς
1081 4163 1238 4254 φεύγουσιν
