3096 4880
649 289 693 370 49

111 488 289 563 quactum
313 477 478 542 tractabat
500 475 685 540 ridemus.“
730 473 834 560 Cujus
856 476 903 539 rei
930 477 1112 563 exemplum
1136 500 1235 542 unum

113 581 271 670 proponit
299 603 339 644 ex
369 578 487 646 Siliani
519 578 673 642 carminis
706 578 790 643 libro
823 579 962 663 septimo
994 578 1236 666 depromptum,

112 683 156 748 de
179 705 244 767 quo
267 691 383 768 postea
405 680 599 746 videbimus.
636 680 802 766 Imprimis
825 704 902 746 vero
919 681 1036 747 Silium
1058 683 1161 767 libros
1184 683 1247 750 ac-'

114 785 296 852 cusationis
319 785 353 848 in
376 782 413 848 C.
437 785 576 850 Verrem
598 784 718 870 legis'se
741 784 853 850 multis
876 785 1040 868 certisque
1063 809 1236 872 argumen-

113 891 160 954 tis
182 887 329 974 pervinci
350 887 446 952 facile
460 896 580 972 potest.
625 886 741 952 Liceat
763 885 867 972 igitur
881 909 966 971 quae
987 888 1129 974 vestigia
1145 887 1238 955 Cice-

116 992 209 1057 ronis
232 992 266 1054 in
293 990 436 1055 carmine
464 989 590 1056 Siliano
614 988 681 1054 sint
708 989 778 1054 sive
801 987 842 1054 ad
865 1011 933 1054 rem
955 990 1076 1076 ipsam,
1105 992 1174 1056 sive
1194 993 1242 1069 ad

116 1118 215 1160 usum
236 1093 411 1158 verborum
434 1092 646 1178 pertinentia,
667 1091 784 1178 paucis
807 1090 916 1157 verbis
938 1115 1025 1158 nunc
1048 1092 1217 1159 disserere.

128 1215 134 1225 ·
209 1201 253 1278 l.,
280 1195 436 1260 Plurimis
464 1194 546 1260 locis
575 1194 716 1259 actionis
741 1195 776 1258 in
800 1195 937 1261 Verrem
965 1195 1100 1278 alterius
1124 1193 1241 1262 Cicero

118 1299 161 1363 de
183 1298 303 1362 Henna
330 1297 411 1362 urbe
438 1295 520 1361 dicit
549 1307 581 1361 et
609 1295 649 1360 de
673 1295 791 1362 Cerere
814 1295 1079 1384 Proserpinaque
1107 1298 1242 1385 deabus,

118 1423 205 1486 qiiae
232 1400 278 1463 ibi
306 1399 506 1464 colebantur.
554 1398 647 1480 Qiras
681 1399 759 1464 deas
789 1395 906 1464 Cicero
939 1424 1005 1465 non
1038 1425 1113 1467 raro
1148 1402 1242 1470 divas

119 1504 333 1584 Hennenses,
357 1502 426 1567 sive
452 1502 588 1566 numina
605 1501 815 1584 'Hennensia,
840 1503 908 1567 sive
931 1501 1066 1568 alteram
1091 1503 1243 1571 Cererem

120 1606 332 1671 Hennensem
360 1603 457 1688 dicit,
486 1603 528 1668 ad
555 1603 645 1688 quod
671 1603 883 1668 conferantur
910 1605 943 1668 in
966 1607 1105 1672 Verrem
1133 1608 1189 1672 lib.
1212 1614 1245 1691 4,

121 1730 236 1795 parag.
270 1712 340 1776 107.
369 1714 402 1770 et
432 1709 517 1783 108.;
547 1703 701 1772 Oratoris
730 1729 800 1792 par.
828 1709 917 1790 210,
945 1707 1078 1794 plurimi
1105 1709 1170 1776 loci
1192 1735 1246 1776 ac-

120 1810 224 1876 tionis
246 1810 280 1873 in
304 1807 341 1873 C.
365 1810 503 1876 Verrem
525 1807 602 1873 libri
624 1807 741 1892 qulnti.
788 1806 888 1891 Quod
911 1810 973 1876 etsi
995 1810 1079 1877 Silio
1102 1813 1167 1900 ipsi
1189 1837 1248 1901 per

123 1937 160 1979 se
182 1913 278 1978 facile
305 1912 339 1976 in
366 1918 508 1976 mentem
537 1910 650 1974 venire
671 1918 817 1997 poterat,
846 1933 919 1974 cum
948 1911 1086 1978 Hennae
1113 1917 1247 2002 potissi-

123 2015 315 2082 mumdeae
338 2013 413 2078 illae
435 2010 630 2095 colerentur,
652 2022 762 2078 tamen
785 2013 929 2078 arbitror
950 2039 1017 2095 non
1038 2017 1137 2103 longe
1160 2041 1247 2084 erra·

122 2130 235 2185 turnm
259 2118 287 2182 si
309 2117 383 2201 quis
405 2123 500 2202 putet
523 2113 714 2182 Ciceronem
734 2115 796 2182 hnc
817 2115 851 2180 in
873 2139 908 2181 re
930 2139 1001 2182 esse
1024 2130 1172 2184 secutum
1196 2121 1249 2188 si-

124 2223 216 2304 lium,
240 2243 313 2285 cum
336 2227 495 2304 quantum
519 2217 603 2301 scic,
632 2219 688 2284 alii
711 2219 889 2304 scriptores
916 2219 990 2286 illas
1013 2220 1091 2288 deas
1114 2225 1250 2289 nonita

127 2324 292 2410 appellent
304 2320 410 2408 (apud
420 2320 606 2410 Vergilium
621 2343 798 2406 nusquam3
815 2320 903 2407 apud
915 2322 1087 2389 Lucanum
1098 2348 1164 2390 uno
1176 2328 1250 2391 loeo

124 2427 263 2496 Ennaea
278 2424 399 2512 legitur
414 2446 474 2510 pro
491 2421 719 2510 Proserpina),
744 2421 861 2488 Cicero
877 2433 997 2510 autem,
1020 2436 1058 2490 ut
1079 2450 1180 2514 supra
1195 2429 1251 2494 de-

124 2528 319 2612 monstravi,
326 2527 439 2614 miiltis
451 2527 543 2592 locis.
559 2526 605 2590 Et
617 2550 657 2591 er
665 2527 748 2594 Silio
760 2525 893 2611 quidem
903 2527 937 2591 hi
948 2528 1013 2593 loci
1026 2529 1250 2596 conserantur:

165 2653 189 2704 1.
208 2651 250 2706 93.
304 2648 366 2718 Hic,
385 2649 461 2702 crine
479 2647 574 2716 effuso,
592 2652 675 2716 atque
692 2645 840 2704 Hennaeae
858 2648 971 2704 numina
989 2649 1124 2704 divae...
1140 2691 1145 2702 .

164 2739 190 2792 2.
209 2737 269 2792 214.
304 2735 438 2792 Hennaea
455 2736 549 2801 Ceres;
570 2738 594 2802 7,
613 2735 686 2790 asa:
707 2735 785 2804 virgo
798 2733 944 2802 Hennaea;

148 2826 189 2880 13.
207 2825 268 2879 431.
305 2823 370 2878 diva
388 2823 533 2890 Hennaea,

127 2928 309 3013 multisque
332 2927 405 2994 aliis
428 2927 520 2992 locis.

215 3035 263 3114 2.,
291 3030 441 3117 Sagunto
469 3027 580 3094 diruta
608 3052 682 3094 cum
705 3029 874 3096 Hannibal
896 3029 1001 3118 Alpes
1023 3034 1254 3102 transcendere

128 3133 347 3200 constitueret
369 3131 543 3224 dormienti
565 3132 596 3196 ei
611 3133 804 3219 apparuisse
820 3133 961 3219 speciem
976 3133 1136 3201 Mercurii
1152 3138 1254 3205 Silius

129 3236 188 3302 lib.
212 3241 243 3320 3,
264 3261 295 3301 v.
322 3239 510 3305 lec-219.
537 3244 664 3320 narrat,
693 3259 777 3320 quae
804 3234 960 3323 gravibus
988 3237 1098 3304 verbis
1121 3238 1163 3304 ad
1185 3240 1254 3306 bel-

130 3340 200 3404 lum
224 3347 339 3404 contra
353 3337 519 3404 Romanos
535 3335 714 3425 gerendum
737 3361 811 3402 eum
825 3339 1030 3424 excitaverit,
1053 3363 1087 3407 se
1111 3342 1153 3407 ab
1167 3343 1191 3408 J
1194 3367 1255 3409 ove
1353 3339 1354 3342 ¹

130 3439 248 3506 ducem
270 3441 305 3505 in
328 3441 460 3506 Italiam
482 3442 512 3506 ei
532 3441 667 3508 missam
689 3439 821 3524 dixerit,
844 3442 1006 3530 respicere
1027 3444 1179 3508 vetuerit.
1214 3445 1255 3509 ln

131 3543 256 3609 somnis
283 3543 387 3630 igitur
412 3543 536 3610 vidisse
562 3543 783 3608 Hannibalem
810 3543 959 3630 Italiam,
986 3545 1119 3632 fragore
1146 3555 1256 3610 autern

129 3643 277 3730 quodam
301 3645 527 3730 perturbatum
550 3646 663 3712 oculos
685 3646 816 3714 flexisse
831 3655 863 3710 et
886 3658 1069 3734 serpentem
1091 3635 1257 3733 ingentem

132 3746 244 3811 omnia
267 3755 451 3810 vastantem
475 3757 651 3834 spectasse.
698 3748 879 3831 Quaerenti
894 3750 1099 3815 Mercurium
1121 3772 1256 3836 respon-

132 3849 241 3915 disse:
281 3855 347 3932 „ut
379 3847 460 3914 haec
490 3872 622 3936 serpens
650 3852 759 3916 omnia
780 3873 905 3916 veneno
931 3852 1113 3937 humectat,
1146 3853 1194 3919 sic
1220 3863 1258 3918 tu

132 3950 304 4020 Hannibal
330 3951 462 4016 ltaliam
489 3951 669 4018 vastabis.“
712 3953 764 4018 Ae
793 3954 934 4038 primurn
962 3954 1093 4039 quidem
1117 3977 1257 4022 comme-

134 4077 264 4120 morare
279 4055 376 4120 liceat
398 4077 464 4119 non
486 4062 573 4118 recte
596 4052 637 4117 de
657 4054 718 4119 hac
741 4077 776 4118 re
794 4055 963 4140 judicasse
977 4055 1178 4144 Emestium,
1201 4061 1260 4146 qui

136 4158 350 4244 praefationis
367 4181 441 4244 pag.
459 4156 576 4224 XVII.
593 4155 672 4220 haec
688 4155 788 4221 dixit:
812 4157 957 4223 Primum
973 4159 1107 4228 videbat
1122 4162 1259 4248 (Silius)

998 4267 1001 4274 ’
1037 4267 1055 4320 4
