3096 4880
344 495 367 511 ·’
436 488 539 558 Silius,
563 491 588 544 6.
607 489 670 544 438:

288 611 411 680 Vestigia
429 611 519 665 nostri

287 700 367 753 Casta
384 699 439 752 tori
453 737 540 753 .....
560 699 669 768 prolem
686 701 814 768 gratante

321 785 424 840 Senatu
768 800 770 804 ·

285 874 323 928 Et
339 874 439 943 patria,
458 892 519 929 sum
532 875 612 930 enixa
624 873 693 940 tibi3
712 877 741 926 et
752 873 812 928 412.

1064 488 1210 543 Horatius,

875 608 925 663 Od.
943 611 968 664 3.
986 611 1010 664 5.
1029 613 1071 666 41.

873 696 975 750 Fertur
992 699 1110 766 pudicae
1128 699 1252 770 conjugis
1277 699 1405 752 osculum

872 872 1031 940 Parvosque
1048 876 1129 928 natos
1147 879 1180 929 ut
1196 872 1293 944 capitis
1311 875 1406 930 minor

322 1003 347 1016 ..
363 962 460 1031 .jubet
473 1003 498 1017 ..
517 965 545 1014 et
564 957 688 1030 conjugis
706 977 761 1014 una
868 1019 870 1028 Ι

285 1050 387 1105 Aroere
406 1048 562 1118 amplexus:

283 1138 343 1193 428.
361 1136 503 1204 frontique
521 1151 600 1188 ooma
616 1123 760 1201 squalente
772 1151 813 1189 sa·

319 1226 405 1278 debat
672 1213 675 1218 ¹

283 1311 429 1365 Terribilis
447 1310 531 1364 deoor
543 1349 550 1362 .
564 1347 570 1362 .
584 1348 590 1362 .

283 1400 344 1456 494.
371 1395 552 1465 Prosequitur
580 1397 680 1466 vulgus
707 1395 812 1465 Patres,

318 1503 350 1540 ae
367 1485 523 1554 planetibus
541 1483 638 1551 ingens

283 1574 420 1627 Personat
441 1575 469 1628 et
497 1572 573 1626 luctu
596 1587 717 1640 campus.
758 1570 810 1625 Re·

317 1676 417 1716 vooare
434 1659 539 1714 libebat

281 1747 437 1817 Interdum,
462 1751 490 1801 et
508 1747 584 1816 justo
607 1748 719 1816 raptum
743 1746 809 1801 reti·

316 1851 382 1889 nere
401 1835 505 1890 dolore.

871 1042 915 1100 Ab
933 1063 962 1100 se
980 1048 1150 1104 removisse.
1166 1091 1212 1103 ...

1245 1142 1273 1192 et
1290 1138 1402 1192 virilem

871 1221 977 1277 Torvus
994 1223 1072 1278 humi
1089 1223 1215 1293 posuisse
1233 1225 1347 1280 voltum.

871 1397 896 1452 5.
914 1398 962 1452 47:
981 1397 1110 1466 Interque
1128 1402 1282 1453 maerentes
1294 1399 1400 1454 amieos

870 1571 1006 1642 Egregius
1024 1557 1187 1642 properaret
1205 1574 1292 1627 exsul.

869 1659 956 1727 Atqui
974 1659 1079 1714 sciebat
1101 1649 1171 1727 quae
1190 1659 1244 1714 sibi
1262 1661 1397 1716 barbarus

868 1744 970 1798 Tortor
983 1751 1111 1814 pararet3
1130 1765 1187 1802 non
1205 1748 1286 1802 aliter
1303 1753 1397 1803 tamen

867 1831 992 1887 Dimovit
1010 1833 1154 1888 obstantes
1172 1835 1345 1905 propinquos

866 1917 905 1971 Et
921 1919 1056 1988 populum
1073 1920 1179 1976 reditus
1197 1928 1359 1980 morantem.

365 2143 493 2209 Deinde
514 2143 594 2216 haeo
617 2146 825 2209 conferantur
847 2145 932 2210 inter
955 2167 1003 2210 se:

495 2315 591 2371 Silius.

279 2441 304 2494 3.
332 2441 395 2495 290:
423 2437 506 2493 Nulla
534 2439 645 2508 domus;
672 2439 806 2509 plaustris

313 2526 453 2582 habitant:
464 2527 585 2596 migrare
599 2544 651 2597 per
663 2543 729 2583 arva

277 2615 348 2683 Mos,
366 2619 447 2684 atque
459 2620 582 2670 errantes
595 2615 808 2670 circumuectare

312 2706 435 2770 penates.

276 3054 302 3105 3.
321 3053 380 3107 360.
399 3051 456 3106 Nee
474 3053 521 3120 qui
539 3052 715 3122 Massageten
726 3071 803 3107 mou·

312 3143 401 3192 strena
419 3138 530 3192 feritate
548 3143 693 3208 parentem

276 3226 439 3294 Cornipedis
458 3226 519 3280 fusa
531 3227 649 3297 satiaris,
668 3220 802 3296 Coneane,

310 3331 387 3368 vena.

274 3405 298 3457 5.
318 3402 377 3456 384.
400 3399 445 3454 Sic
467 3401 515 3454 ubi
537 3403 690 3455 torrentem
715 3403 802 3471 erepi-

308 3488 380 3543 tauti
398 3487 532 3557 grandine
550 3489 675 3542 nimbum

273 3576 370 3634 Inlidit
396 3574 493 3642 terris,
525 3574 638 3629 molitus
670 3575 801 3646 Iuppiter

309 3664 379 3718 altas

240 3813 244 3828 ι
273 3749 401 3805 Fulmina
423 3768 496 3804 nuno
512 3750 606 3819 Alpes,
624 3768 696 3805 nuno
714 3751 802 3805 mixta

308 3836 440 3892 Ceraunia
457 3839 544 3907 coelo,

273 3922 442 3992 Intremuere
460 3924 542 3977 simul
560 3927 661 3980 tellus.
676 3967 682 3978 .
697 3967 703 3978 .
718 3969 723 3980 .

272 4010 297 4062 5.
316 4010 379 4063 624:
403 4011 443 4066 Ao
462 4029 545 4080 super
567 4012 634 4066 haec
652 4013 731 4068 reflui
749 4031 798 4082 pu-

307 4103 427 4164 gnarunt
444 4100 583 4153 montibus
602 4115 705 4168 amnes,

271 4183 309 4238 Et
326 4186 400 4237 retro
419 4181 517 4238 fluetus
535 4187 617 4241 torsit
635 4205 711 4242 mare
725 4229 750 4241 ..

1054 2319 1201 2374 Horatius.

866 2440 917 2494 Od.
944 2443 968 2496 3.
997 2442 1038 2496 24.
1066 2443 1092 2496 9.
1120 2459 1192 2510 sqq:
1220 2442 1393 2515 Campestres

900 2529 999 2583 melius
1017 2529 1142 2598 Scythae,

866 2615 988 2684 Quorum
1010 2617 1135 2687 plaustra
1158 2634 1244 2686 vagas
1265 2619 1319 2673 rite
1337 2622 1392 2673 tra·

900 2703 970 2758 hunt
988 2703 1095 2774 domos,

864 2789 968 2846 Vivunt
986 2796 1014 2846 et
1031 2791 1116 2860 rigidi
1134 2790 1220 2845 Getae

862 2880 1008 2934 Immetata
1026 2879 1124 2948 quibus
1139 2878 1237 2948 jugera
1255 2865 1356 2937 liberas

862 2967 967 3037 Fruges
986 2971 1013 3021 et
1032 2967 1159 3021 Cererem
1177 2966 1269 3023 ferunt
1287 3010 1292 3022 .
1307 3012 1312 3022 .
1329 3013 1352 3024 ..

862 3141 911 3196 Od.
931 3144 956 3197 3.
973 3143 999 3197 4.
1018 3141 1066 3197 34:
1086 3141 1238 3197 Visam...
1254 3185 1260 3196 .

861 3229 898 3283 Et
916 3231 1019 3284 laetum
1043 3229 1143 3297 equino
1167 3233 1300 3302 sanguine
1319 3234 1387 3288 Con·

896 3335 1003 3372 eanum.

861 3491 1046 3546 0d.1.2.1:

860 3577 924 3632 Jam
943 3579 1009 3632 satis
1027 3580 1110 3634 terris
1123 3581 1194 3634 nivis
1213 3586 1296 3650 atque
1309 3583 1386 3639 dirae

861 3665 1010 3719 Grandinis
1028 3667 1106 3720 misit
1123 3667 1251 3724 Paterae
1268 3672 1386 3726 rubente

860 3751 981 3807 Dextera
1012 3769 1104 3808 sacras
1138 3756 1275 3825 jaculatus
1308 3776 1385 3812 arcos

894 3839 1005 3894 Terruit
1023 3842 1120 3895 urbem
1134 3882 1140 3894 .
1155 3884 1160 3895 .
1176 3883 1182 3894 .

859 4015 909 4069 Od.
930 4017 953 4069 1.
972 4017 1014 4071 29.
1035 4019 1080 4073 1οε
1105 4017 1172 4084 Quis
1190 4024 1274 4088 neget
1293 4020 1385 4074 arduis

856 4103 963 4158 Pronos
982 4105 1069 4158 relabi
1086 4121 1168 4172 posse
1186 4105 1261 4159 rivos

857 4190 999 4244 Montibus
1018 4194 1047 4244 et
1063 4191 1185 4244 Tiberim
1203 4195 1315 4249 reverti.
