3096 4880
807 203 850 269 24

266 385 324 451 Ad
346 387 432 451 hunc
454 388 562 452 locum
585 387 766 456 Vahleuius
793 388 876 453 illud
898 388 1005 456 Servii
1033 388 1157 454 dictum
1185 389 1390 455 referendum

269 503 342 556 esse
369 499 494 573 censet,
528 490 586 574 qui
615 491 828 575 praefationis
861 493 983 579 pagina
1017 491 1150 558 LXIII.
1184 492 1264 558 haec
1291 491 1388 557 dicit:

267 593 330 677 „In
357 591 464 658 medio
494 615 622 679 pugnae
656 593 773 659 ardore
805 615 880 660 cum
908 596 977 679 jam
1011 595 1150 660 victoria
1183 595 1226 660 ad
1257 595 1390 660 Poenos

268 706 434 782 vergeret,
462 705 561 782 poeta
589 694 724 760 deorum
746 719 937 762 concessum
961 696 1133 783 expandit:
1156 698 1246 764 June
1270 699 1391 763 satiata

269 797 402 863 tandem
423 800 608 864 calamitate
630 799 810 864 invisorum
832 800 898 885 ipsi
918 799 1141 865 Romanorum
1163 824 1197 866 se
1219 801 1390 866 fautricem

269 902 317 967 eis
339 885 563 989 inposterum
590 902 661 967 fore
682 901 872 986 profiteturx
895 923 934 965 ac
956 901 1128 988 luppiter,
1156 915 1300 968 caorctca
1313 905 1391 988 for—

268 1017 349 1070 tacae
369 1029 390 1069 u
424 1005 552 1086 Venere,
580 1004 745 1090 promittit
771 1001 930 1069 Romanis
955 1003 1119 1069 excidium
1146 1003 1391 1092 Carthaginis.“

269 1106 337 1174 Sed
358 1107 443 1173 libro
465 1129 552 1172 nono
576 1104 664 1192 apud
687 1104 805 1173 Silium
828 1105 985 1192 Iuppiter
1007 1130 1073 1172 non
1095 1109 1273 1196 Venerem,
1296 1109 1391 1192 cujus

269 1211 361 1276 nulla
381 1209 420 1274 fit
442 1209 575 1292 mentio,
598 1206 655 1274 scd
678 1207 842 1273 lunonem
856 1209 1049 1294 alloquitur:
1071 1210 1158 1293 „ille,
1174 1235 1192 1274 ο
1208 1219 1286 1275 nata
1308 1213 1394 1274 etc.“

270 1315 434 1379 Promitto
448 1321 557 1378 autem
573 1309 699 1395 aliquid
713 1311 838 1395 petenti
852 1311 950 1376 alicui
965 1312 1018 1376 vel
1033 1313 1174 1398 roganti,
1189 1314 1242 1377 vel
1256 1314 1393 1395 volenti,

271 1440 338 1481 non
359 1438 437 1480 vero
460 1415 491 1480 ei
513 1415 571 1499 qui
587 1414 656 1479 sive
671 1433 797 1479 summa
819 1414 868 1476 ira
891 1414 960 1479 sive
981 1414 1091 1480 taedio
1106 1415 1267 1479 malcrum
1281 1425 1391 1482 motus

273 1519 399 1603 aliquid
421 1517 491 1581 fieri
514 1516 623 1602 jubet,
654 1515 707 1580 vel
736 1516 847 1601 potius
875 1524 913 1585 ut
940 1514 1004 1581 hoc
1031 1517 1104 1582 loco
1132 1518 1256 1582 nolenti
1283 1519 1391 1582 alicui.

273 1619 399 1686 Contra
424 1620 481 1685 illc
508 1620 598 1684 tertii
625 1619 702 1683 libri
729 1619 802 1683 loco
832 1619 953 1686 Veneri
985 1620 1109 1704 petenti
1136 1621 1332 1706 rogantique
1353 1629 1393 1684 ut

272 1724 429 1811 Juppiter
451 1721 575 1787 Romae
602 1722 827 1810 patrocinetur
855 1731 949 1808 pater
971 1723 1151 1807 promittit:
1175 1722 1304 1789 Poenos
1326 1747 1393 1788 non

271 1848 343 1893 esse
365 1827 522 1908 victuros,
546 1823 604 1892 sed
633 1825 756 1890 victum
784 1823 825 1887 iri
849 1847 868 1888 a
888 1823 1057 1890 Romanis.
1101 1825 1220 1911 Itaque
1243 1823 1394 1890 adhunc

271 1929 349 1994 libri
371 1928 462 1993 tertii
483 1927 592 1992 locum
614 1925 696 1990 illud
723 1925 830 2002 Servii
857 1925 983 1992 dietum
1005 1928 1109 1995 refero
1134 1936 1232 2012 atque
1255 1928 1393 1992 similem

272 2033 374 2098 fuisse
396 2030 594 2094 narrationis
616 2036 762 2094 tenorem
781 2027 870 2113 apud
884 2029 1029 2094 Ennium
1044 2039 1142 2114 atque
1164 2030 1252 2116 apud
1275 2030 1394 2097 Silium

273 2135 428 2220 illamque
451 2131 603 2196 carminis
626 2140 753 2216 partem
774 2153 859 2214 quae
882 2129 970 2217 apud
992 2133 1109 2200 Silium
1132 2133 1188 2198 lib.
1211 2139 1242 2215 3,
1254 2155 1302 2198 vs.
1319 2137 1392 2202 557.

274 2261 345 2322 sqq.
370 2244 489 2318 exstat,
512 2233 600 2320 apud
621 2232 764 2297 Ennium
783 2235 852 2318 jam
874 2227 976 2298 fuisse
998 2257 1191 2319 persuasum
1213 2235 1323 2301 habui.

357 2343 400 2422 9.,
422 2337 478 2404 Ad
500 2337 586 2402 hunc
619 2337 728 2401 locum
761 2336 861 2400 alium
881 2335 958 2400 huic
991 2336 1189 2401 simillimum
1217 2337 1394 2425 adjungere

157 2438 159 2444 ’
273 2444 381 2508 liccat.
425 2441 466 2506 In
488 2462 599 2526 pugna
628 2440 712 2504 enim
736 2436 901 2504 Cannensi
929 2461 987 2524 per
1009 2438 1214 2523 aliquantum
1236 2441 1394 2527 temporis

274 2541 387 2630 acq‘uis
409 2542 536 2608 viribus
559 2551 591 2606 et
614 2543 686 2628 pari
707 2527 841 2607 fortuna
867 2550 1043 2627 pugnatur.
1088 2541 1261 2610 Postremo
1286 2552 1393 2608 autem

273 2648 414 2713 victoria
434 2646 468 2710 in
490 2645 620 2710 Poenos
646 2645 755 2732 vergit
783 2644 933 2729 quamvis
955 2643 1051 2710 Mars
1072 2645 1289 2711 miserrimam
1310 2647 1395 2710 inter

273 2773 330 2818 eos
353 2759 496 2835 stragem
520 2745 605 2811 edat.
648 2747 715 2811 Hic
736 2755 774 2810 ut
797 2756 952 2812 avocetur
967 2747 1119 2812 Minerva
1142 2756 1174 2812 et
1189 2747 1279 2813 Juno
1303 2748 1396 2833 (con-

274 2855 399 2918 feratur
420 2851 476 2917 lib.
500 2855 536 2934 9,
564 2875 594 2914 r.
622 2854 693 2917 526.
717 2849 811 2936 virgo
836 2850 925 2914 socia
948 2849 1095 2937 Iunone)
1119 2851 1142 2916 J
1145 2873 1238 2916 ovem
1265 2860 1394 2937 rogant,

275 2955 466 3040 adduntque
493 2975 527 3019 se
552 2976 618 3017 non
647 2950 761 3017 adesse
787 2960 825 3015 ut
854 2951 984 3017 deleant
1008 2952 1175 3018 Romanos
1198 2953 1256 3037 (cf.
1284 2954 1341 3020 lib.
1364 2957 1395 3037 9,

276 3083 307 3122 v.
330 3062 408 3126 530:
435 3081 502 3122 non
524 3057 763 3121 Teucros-non
784 3054 929 3120 Teucros
951 3054 1059 3120 delere
1082 3054 1246 3142 aderam),
1276 3055 1334 3122 sed
1359 3064 1396 3120 ut

275 3182 335 3248 pro
351 3159 548 3226 Hannibalis
565 3158 667 3224 solius
683 3157 752 3222 vita
774 3156 998 3242 deprecentur.
1043 3157 1133 3223 «Iuno
1150 3168 1259 3222 autem
1274 3160 1395 3224 satiata

275 3262 408 3328 tandem
430 3262 617 3326 calamitate
627 3260 851 3325 Romanorum
874 3282 907 3325 se
929 3261 1102 3324 fautricem
1117 3261 1163 3352 eis
1179 3261 1213 3324 in
1228 3270 1395 3347 posterum

275 3367 346 3434 fore
368 3364 542 3452 profitetur
562 3362 713 3430 versibus
735 3367 808 3431 536.
832 3385 921 3448 sqq:

444 3503 543 3570 Immo,
563 3503 612 3570 ait,
630 3505 662 3554 ut
678 3507 795 3558 noscant
811 3506 924 3570 gentes,
943 3499 1075 3556 immania
1093 3507 1227 3571 quantum

445 3591 542 3659 Regna
561 3589 639 3654 Jovis
658 3588 770 3642 valeant
783 3630 996 3644 ...........
1010 3587 1116 3644 discute
1134 3591 1192 3645 telo

445 3677 588 3748 Flagranti
602 3717 608 3729 .
622 3718 628 3730 .
642 3717 648 3729 .
664 3719 670 3730 .
682 3675 857 3745 Carthaginis
877 3694 963 3744 arces,

446 3766 644 3833 Sidoniamque
663 3763 750 3816 aciem
768 3769 847 3819 vasto
866 3764 975 3818 telluris
993 3764 1071 3818 hiatu

446 3854 587 3908 Tartareis
606 3851 740 3920 immerge
758 3851 845 3921 vadis,
864 3856 912 3906 aut
929 3853 1014 3906 obrue
1031 3858 1127 3922 ponto.

278 3976 373 4059 Quae
402 3975 545 4041 Junonis
574 3997 686 4061 preces
720 3974 789 4038 sive
819 3975 885 4040 sint
917 3975 1040 4041 ironice
1073 3978 1141 4044 sive
1175 4001 1252 4042 vere
1289 3978 1397 4043 dictae

276 4077 402 4164 aliquid
430 4076 656 4143 admirationiS
684 4077 805 4142 babere
831 4101 896 4144 non
922 4079 1057 4165 negabis
1081 4080 1109 4146 si
1128 4076 1397 4150 animadverteris
