3096 4880
680 283 722 350 55

132 469 220 534 Rem
246 491 330 554 quae
357 469 508 553 sequitur
536 469 638 536 Silius
667 469 715 534 sio
739 478 866 534 narrat:
894 469 1042 556 Regulus
1071 470 1202 556 eapitur
1230 477 1263 533 et

135 568 373 657 Carthaginem
395 571 548 635 mittitur.
592 571 678 636 Tum
701 583 812 659 patres
836 570 1127 658 Carthaginienses
1149 570 1261 636 deeor-

24 701 25 704 ¹
132 681 219 737 nunt
244 681 283 736 ut
311 671 459 761 Regulus
487 673 579 762 pacis
607 674 731 740 arbiter
755 673 896 739 Romam
929 675 1081 739 mittatur
1112 675 1262 762 captivos

133 776 377 864 reposciturus,
406 786 583 863 postquam
605 778 746 862 juravit,
776 800 810 842 se
836 800 908 843 esse
924 775 1122 856 rediturum.
1167 779 1263 843 Nave

134 879 392 965 proficiscuntur
421 878 712 966 Carthaginienses
740 879 895 964 Romam,
918 881 952 944 in
972 903 1038 966 qua
1060 889 1094 943 et
1114 879 1263 966 Regulus

134 992 197 1047 est.
244 981 321 1064 Quo
349 1005 423 1046 eum
449 982 631 1048 adveniunt
657 1006 777 1069 magna
804 982 973 1048 hominurn
1000 981 1179 1047 multitudo
1205 1006 1262 1050 eos

134 1083 178 1149 ad
206 1085 312 1170 ripam
339 1085 469 1149 Tiberis
499 1086 633 1171 aecipit3
661 1084 809 1172 Regulus
837 1095 948 1150 autem
980 1107 1092 1151 omnes
1120 1083 1261 1152 honores

133 1185 289 1272 repudiat
317 1195 350 1251 et
378 1186 554 1252 immobilis
586 1195 696 1252 manet
729 1197 781 1253 tot
808 1188 1072 1277 laorimantihus3
1107 1209 1167 1252 nee
1195 1211 1262 1254 non

133 1290 267 1355 Marcia
291 1312 377 1354 uxor
404 1312 478 1354 cum
504 1288 634 1355 duobus
663 1288 739 1356 filiis
766 1291 890 1356 frustra
917 1291 1072 1355 maritum
1095 1290 1260 1378 implorat.

133 1391 282 1456 Reeusat
308 1392 411 1478 igitur
436 1392 584 1479 Regulus
612 1392 744 1458 domurn
773 1417 866 1470 suam
892 1394 1016 1472 intrare
1044 1393 1262 1480 repudiatque

136 1495 308 1581 amplexus
347 1496 461 1560 uxoris
500 1496 717 1580 filiorumque.
774 1495 914 1561 Postero
948 1495 1002 1560 die
1038 1495 1072 1560 in
1111 1505 1262 1562 senatum

132 1598 241 1681 venit,
274 1596 333 1663 sed
360 1607 554 1685 aspernatus
581 1598 694 1666 sellam
721 1599 867 1668 aurulam
893 1599 1045 1664 oratione
1066 1599 1263 1684 gravissima

133 1700 410 1787 permutationem
435 1701 641 1787 captivorum
674 1699 847 1766 dissuadet
872 1710 904 1765 et
937 1710 1076 1767 mortem
1107 1700 1261 1766 miseram

134 1827 170 1869 se
201 1811 276 1868 ante
305 1825 377 1868 esse
406 1823 581 1888 passurum
611 1797 707 1887 dicit,
740 1812 848 1888 quam·
862 1802 979 1868 -videat
1006 1803 1140 1890 paribus
1169 1805 1260 1889 pacis

133 1903 380 1972 conditionibus
413 1903 581 1971 Romanos
615 1905 737 1970 bellum
770 1906 930 1973 finientes.
976 1901 1053 1992 Qua
1086 1905 1127 1970 de
1160 1927 1261 1970 eausa

132 2009 238 2074 Poeni
266 2032 286 2074 a
313 2007 438 2075 Senatu
471 2007 600 2074 dimissi
634 2009 730 2075 simul
758 2032 833 2074 oum
858 2007 988 2094 Regulo
1004 2007 1094 2072 ,irati
1116 2005 1259 2106 Cartha-

132 2112 242 2198 ginem
269 2109 418 2175 redeunt.
461 2097 593 2176 Mareia
620 2114 741 2197 conjux
762 2112 864 2178 flebili
886 2113 1011 2198 gemitu
1033 2111 1188 2176 maritum
1210 2133 1260 2174 re-

131 2236 252 2279 voeare
275 2211 396 2297 studet,
420 2213 478 2279 sed
500 2213 634 2288 frustra,
678 2214 785 2282 Navis
809 2214 961 2280 secundis
975 2215 1083 2286 ¹ventis
1106 2212 1260 2278 adoram

134 2315 441 2402 Carthaginiensem
468 2316 673 2402 pervehitur,
700 2317 849 2404 Regulus
877 2325 1022 2385 necatur.
1073 2316 1152 2381 darn
1182 2337 1259 2379 ron-

131 2420 220 2484 feras
254 2418 297 2483 ad
330 2420 477 2506 singulas
511 2441 563 2484 res
596 2417 696 2505 hujus
728 2421 928 2486 narrationis
957 2418 1126 2484 Ciceronis
1159 2418 1260 2484 verba

132 2545 219 2607 quae
241 2531 374 2587 exstant
388 2521 429 2587 de
444 2521 562 2587 officiis
578 2521 634 2586 lih
649 2529 681 2606 3,
700 2545 776 2609 cap.
792 2527 844 2592 26
861 2532 895 2588 et
916 2528 981 2608 27,
1004 2545 1073 2608 par.
1090 2526 1258 2592 eru-101.

287 2709 379 2780 Silius,
397 2712 446 2765 lib.
465 2711 511 2766 VI.
780 2691 878 2767 Cicero
898 2689 931 2766 de
951 2709 1049 2792 officiis
1068 2713 1099 2781 3,
1119 2716 1143 2776 ἕ.
1163 2711 1205 2768 99.

135 2871 215 2948 (403.)
253 2869 326 2924 Eece
337 2871 450 2924 trahens
463 2869 605 2938 geminum
618 2886 665 2923 na·
728 2874 754 2935 §a
774 2871 831 2924 99:
910 2887 970 2924 esse
993 2869 1089 2922 domui
1112 2885 1177 2923 suae
1195 2886 1259 2922 eum

170 2960 264 3012 torum
281 2955 386 3012 Mareia
403 2958 578 3026 pignus...
693 2975 695 2982 ·
764 2973 862 3024 uxore,
881 2975 944 3012 enan
961 2956 1133 3010 liberis....

134 3045 215 3116 (411.)
421 3041 467 3098 Me
482 3061 553 3100 sore
572 3043 666 3114 quista
1001 3065 1003 3068 ·

133 3134 258 3203 Allatas,
277 3134 359 3202 jubet
381 3136 410 3188 et
427 3136 537 3188 vestros
554 3136 584 3187 et
601 3149 666 3186 eou-
723 3138 754 3199 ᾗ.
783 3133 843 3188 100.
944 3143 1034 3200 nequo
1064 3143 1128 3184 eum
1158 3127 1258 3182 caritas

165 3222 240 3294 jugis
259 3239 314 3276 una
1031 3270 1035 3280 ,

132 3309 237 3363 Areere
255 3310 414 3380 amplexus:
441 3311 519 3386 patet
542 3308 664 3378 impene-
763 3305 871 3374 patriae
887 3303 1006 3378 retinuit
1023 3321 1075 3358 nee
1092 3319 1213 3356 suorum.

169 3397 281 3452 trahilis
299 3397 348 3451 ille
454 3444 458 3454 ,

133 3483 277 3553 Luctibus,
296 3488 324 3538 et
341 3501 492 3552 numquam
511 3477 664 3538 submissus

169 3573 242 3626 eolla
257 3571 358 3629 dolori.

134 3659 215 3729 (453)
356 3658 427 3712 Tum
451 3659 549 3714 limina
566 3657 664 3728 templi
795 3670 968 3724 inauratum
985 3668 1071 3734 venit,

134 3747 259 3802 Vidimus
278 3746 436 3806 intrantem.
691 3801 692 3806 ,

134 3835 215 3904 (455.)
265 3832 340 3899 Quae
370 3834 526 3888 consultata
552 3837 663 3890 senatus
728 3849 752 3909 ς,
773 3844 831 3900 10Q
850 3842 980 3897 mandata
994 3839 1135 3910 exposuit,

135 3923 243 3990 Quasve
260 3920 314 3975 viri
324 3937 407 3975 voces
418 3925 575 3994 extremumv
582 3920 664 3974 Curia

169 4026 295 4064 maerens
416 4078 419 4084 Ι

132 4096 271 4165 Audierit,
284 4095 394 4168 placido
407 4095 490 4151 nobis
502 4095 563 4164 ipse
576 4093 665 4150 edidit

136 4211 146 4226 υ
176 4201 235 4239 ore.
442 4209 445 4215 ·
526 4209 530 4216 ·
630 4197 634 4202 ·
718 4199 723 4204 “
