3096 4880
858 308 901 374 44

523 493 582 550 Nec
600 494 700 549 desunt
718 493 765 562 qui
783 500 925 563 correptos
945 494 1118 562 amplexibus
1136 493 1204 550 artis

523 583 693 654 Immergent
703 582 802 653 pelago
816 585 844 637 et
853 581 952 652 jaculis
966 580 1138 637 cessantibus
1150 583 1260 636 hostem

522 669 612 724 Morte
631 687 680 724 sua
697 668 843 739 perimant.

407 793 475 875 42,
502 790 701 875 Priusquam
729 789 838 854 autem
864 789 980 856 Silius·
995 788 1037 855 ad
1065 791 1172 876 ipsam
1199 813 1327 877 pugnae
1356 790 1457 855 Can-

322 894 432 960 nensis
455 892 708 980 descriptionem
731 890 857 956 6666611
883 891 1104 962 narrationem
1127 893 1309 979 praemittit
1330 893 1389 958 lib.
1416 899 1455 977 9,

321 1022 352 1062 v.
376 1001 428 1067 66.
451 1020 522 1083 sqq.
546 993 587 1060 de
601 993 732 1059 homine
747 1017 787 1058 ex
808 993 924 1060 castris
946 995 1133 1061 Poenorum
1155 995 1308 1081 profugo,
1332 1020 1352 1060 a
1374 996 1454 1060 filio

322 1099 546 1186 imprudenter
567 1098 750 1162 interfecto.
795 1096 900 1163 Suum
923 1097 1096 1162 arbitrium
1125 1107 1273 1163 secutum
1295 1121 1367 1164 esse
1391 1097 1454 1164 Si-

321 1203 402 1266 lium
423 1201 486 1266 hac
507 1201 541 1264 in
564 1223 598 1264 re
620 1197 772 1286 fingenda
795 1198 950 1264 credibile
972 1223 1038 1266 non
1060 1211 1124 1280 est3
1149 1224 1224 1265 nani
1246 1199 1354 1266 omnia
1376 1200 1453 1264 fere

322 1301 484 1390 ejusmodi
507 1299 655 1389 episodia
669 1300 787 1367 hausta
802 1325 874 1368 esse
889 1325 929 1367 ex
951 1303 1062 1388 aliquo
1086 1303 1247 1390 scriptore
1268 1325 1329 1389 pro
1353 1311 1451 1367 certo

323 1407 486 1480 affirmare
512 1405 619 1469 velim.
665 1401 768 1489 Cujus
796 1405 844 1469 rei
873 1414 910 1469 ut
937 1428 1042 1491 pauca
1068 1415 1199 1470 tantum
1225 1405 1374 1491 exempla
1399 1406 1452 1469 af-

306 1509 425 1598 ·feram
446 1530 643 1573 memorasse
673 1507 816 1572 sufficiat
843 1507 1028 1594 episodium
1049 1508 1133 1573 illud
1154 1508 1228 1594 (lib.
1251 1512 1282 1590 2,
1305 1532 1336 1572 v.
1359 1509 1451 1576 56-

321 1612 412 1697 268.)
435 1609 475 1674 de
497 1608 627 1697 Asbyte
650 1608 887 1675 Garamantum
909 1611 1034 1697 regina,
1056 1611 1147 1697 quod
1168 1611 1303 1677 finxisse
1325 1609 1450 1677 Silium

323 1712 365 1778 ad
392 1714 575 1799 exemplum
610 1711 768 1778 Camillae
800 1714 1011 1800 Vergilianae
1039 1714 1141 1798 (Aen.
1172 1719 1206 1798 7,
1238 1717 1300 1782 803
1331 1721 1364 1778 61
1394 1718 1449 1796 11,

322 1819 395 1886 532.
423 1818 512 1903 sqq.)
545 1817 617 1880 luce
650 1815 771 1881 clarius
798 1824 864 1894 est3
897 1824 968 1880 tum
999 1817 1145 1883 narratio
1180 1817 1367 1882 certaminis
1403 1815 1449 1880 ad

322 1918 413 2005 quod
426 1909 468 1983 'in
490 1941 600 2006 pugna
622 1918 787 1983 Ticinensi
814 1917 932 1984 fratres
959 1919 1125 2006 trigemini
1151 1920 1324 2004 utriusque
1351 1941 1446 1983 exer·

322 2022 408 2088 citus
436 2018 638 2087 descendunt
665 2020 737 2106 (lib.
764 2025 800 2104 4,
832 2045 863 2085 v.
891 2024 1114 2108 355.-395.)‚
1142 2021 1186 2087 ad
1212 2021 1349 2086 verbum
1374 2021 1446 2087 fere

323 2122 518 2190 adumbrata
540 2132 591 2188 est
620 2121 662 2187 ad
689 2121 771 2186 illud
798 2130 961 2188 certamen
987 2123 1204 2190 Horatiorum
1231 2121 1445 2189 616666116-

322 2251 405 2312 mm,
428 2226 517 2313 apud
538 2224 672 2290 Livium
693 2225 749 2290 lib.
775 2230 804 2308 1,
828 2247 897 2310 cap.
921 2231 973 2294 24.
995 2237 1180 2307 narratum3
1203 2249 1302 2314 porro
1326 2224 1445 2291 Ovidii

323 2331 423 2416 (Met.
446 2329 545 2412 XV..
573 2329 723 2414 36116
745 2328 883 2393 aliorum
905 2329 1055 2415 vestigiis
1077 2330 1245 2416 ingressus
1268 2337 1318 2395 661
1340 2327 1445 2395 Silius

322 2434 356 2497 in
391 2429 563 2496 narrandis
600 2430 768 2495 miracudis
807 2431 921 2517 templi
959 2432 1056 2497 Jovis
1093 2433 1266 2498 Ammonis
1299 2431 1376 2517 (lib.
1411 2437 1444 2516 3,

322 2560 353 2600 v.
377 2538 449 2603 669.
474 2535 577 2620 sqq.);
606 2531 747 2617 denique
769 2556 809 2598 ex
832 2532 991 2599 Cicerone
1013 2533 1070 2620 (de
1094 2533 1191 2601 Offic.
1218 2539 1247 2617 1,
1269 2535 1338 2620 32.)
1360 2535 1444 2599 satis

323 2638 490 2725 cognitam
527 2636 638 2703 hausit
675 2636 895 2701 narrationem
929 2635 1122 2702 Prodiceam
1160 2637 1201 2702 de
1234 2636 1377 2700 Hercule
1408 2635 1446 2700 in

321 2741 420 2807 trivio
448 2739 637 2822 dubitante,
666 2761 765 2823 quam
792 2739 986 2803 translatam
1014 2739 1057 2804 ad
1084 2739 1273 2826 Scipionem
1295 2739 1367 2824 (lib.
1391 2742 1444 2822 15,

321 2867 370 2911 vs.
395 2847 444 2912 18.
473 2844 563 2929 sqq.)
590 2838 703 2906 tradit.
756 2839 889 2924 Quibus·
914 2844 1071 2929 exemplis
1098 2843 1203 2908 multa
1231 2842 1295 2907 alia
1323 2840 1444 2905 addere

321 2956 479 3034 poteram.
502 2944 581 3012 dam
592 2966 669 3009 vero
681 2941 768 3007 unde
779 2943 864 3008 hanc
876 2943 1051 3011 deSatrieo
1066 2944 1267 3033 Solymoque
1279 2945 1443 3010 narratio-

207 3107 210 3116 .
319 3072 392 3114 nem
405 3048 552 3115 hauserit
564 3045 666 3115 Silius
678 3047 852 3112 nescimus.
879 3046 967 3113 Nam
978 3049 1117 3133 primam
1128 3049 1332 3114 occasionem
1342 3047 1442 3133 hujus

320 3151 426 3218 omnis
447 3149 588 3238 episodii
610 3150 789 3236 arripuisse
811 3173 885 3215 eum
905 3173 945 3215 ex
967 3151 1057 3216 Livii
1078 3151 1154 3217 libri
1180 3155 1232 3219 22.
1255 3151 1363 3236 capite
1389 3154 1442 3234 42,

321 3252 355 3317 id
388 3252 479 3338 quod
499 3252 673 3320 Emestius
701 3252 792 3336 dicit,
825 3276 920 3340 nego.
964 3252 1082 3320 Livius
1114 3255 1200 3319 enim
1228 3253 1311 3318 nihil
1338 3250 1442 3317 tradit

320 3356 385 3422 nisi
412 3354 490 3420 hoc:
519 3380 594 3422 nam
620 3357 707 3420 iorte
734 3356 781 3419 ita
808 3356 927 3438 evenit,
950 3363 988 3418 ut
1004 3404 1012 3419 .
1029 3404 1037 3419 .
1054 3405 1061 3420 .
1079 3407 1087 3421 .
1104 3357 1190 3422 servi
1216 3355 1282 3420 duo
1303 3406 1311 3420 .
1329 3405 1361 3420 ..
1383 3356 1442 3441 qui

321 3458 461 3526 Servilio
490 3466 589 3543 atque
611 3459 717 3523 Atilio
745 3457 934 3523 consulibus
961 3457 1046 3522 inter
1073 3459 1284 3545 pabulatores
1312 3458 1442 3544 excepti

322 3586 342 3626 a
367 3559 524 3627 Numidis
544 3561 698 3642 inerant,
732 3559 945 3647 profugerent
971 3582 1010 3624 eo
1039 3561 1092 3628 die
1120 3562 1162 3630 ad
1189 3547 1354 3640 dominos3
1385 3559 1439 3624 de-

320 3662 477 3748 ductique
500 3662 542 3727 ad
564 3662 714 3728 consules
729 3662 882 3726 nuntiant
898 3685 1025 3728 omnem
1041 3665 1219 3728 exercitum
1241 3663 1439 3728 Hannibalis

320 3775 412 3832 trans
445 3766 613 3853 proximos
635 3774 763 3831 montes
789 3765 824 3829 in
850 3762 978 3831 insidiis
1002 3764 1147 3832 6661666.ιι
1182 3765 1291 3850 Quam
1324 3789 1435 3830 narra·

320 3869 443 3934 tionem
469 3869 644 3935 Livianam
672 3867 700 3935 si
734 3891 905 3953 comparas
938 3891 1011 3933 oum
1039 3869 1165 3936 Siliana
1192 3894 1307 3956 parum
1335 3870 1440 3935 inesse

321 3969 545 4038 similitudinis
583 3970 654 4058 ipse
689 3970 859 4037 concedas.
915 3970 982 4038 Sed
1020 3983 1128 4038 exstat
1167 3971 1256 4059 apud
1288 3971 1439 4037 Tacitum

321 4072 454 4158 (histor.
483 4073 539 4138 lib.
563 4073 634 4159 HI,
657 4097 727 4160 cap.
757 4076 825 4160 25.)
848 4072 888 4138 de
912 4074 1004 4141 Julio
1027 4076 1205 4142 Mansueto
1227 4075 1373 4141 narratio
1397 4075 1440 4139 si·

320 4176 418 4262 milis,
441 4199 540 4264 quam
563 4199 630 4243 rem
644 4178 841 4262 nominaque
855 4177 999 4244 Tacitus·
1015 4201 1049 4244 se
1063 4175 1193 4242 tradere
1204 4175 1285 4244 dicit
1307 4186 1441 4243 arretore
