3096 4880
697 380 758 445 105

161 574 294 631 coactus
316 566 386 630 vita
408 565 562 630 excedere
588 587 687 631 venas
710 566 773 630 sibi
796 563 957 651 praecidit
986 563 1148 650 periitque
1175 562 1280 650 pridie

164 668 240 734 Kal.
264 672 339 754 maj.
363 669 479 734 Attico
502 668 643 734 Vestino
666 669 779 733 Nerva
794 667 919 735 Siliano
942 667 1143 751 consulibus,
1165 668 1186 731 i.
1204 689 1230 731 e.
1247 689 1275 730 a.

163 795 195 858 p.
224 769 284 835 Ch.
313 795 344 835 n.
373 773 457 858 65.);
484 770 640 837 Valerius
668 771 807 836 Flaccus
830 773 899 856 jam
928 778 1004 833 ante
1033 793 1152 834 annum
1179 793 1281 834 nona·

164 875 325 959 gesimum
346 882 495 939 mortuus
517 882 568 938 est
596 873 800 958 (conferatur
824 873 957 956 Quinct.
981 873 1026 937 X.
1058 876 1086 939 1.
1110 875 1178 941 90.:
1199 872 1283 936 mul·

162 984 234 1039 tum
260 997 364 1061 nuper
392 975 426 1038 in
447 975 582 1041 Valerio
605 975 725 1056 Flacco
748 977 948 1063 amisimus);
976 975 1115 1060 denique
1144 974 1283 1056 Statius,

166 1079 224 1161 qui
248 1101 276 1141 a.
299 1102 331 1163 p.
356 1073 416 1141 Ch.
438 1100 469 1141 u.
498 1081 549 1146 96.
578 1088 728 1145 mortuus
750 1088 816 1164 est,
838 1088 948 1144 tamen
970 1079 1114 1143 carmina
1137 1100 1197 1144 sua
1214 1079 1282 1163 jarn

164 1180 267 1244 multo
291 1188 366 1244 ante
394 1180 570 1266 scripserat
597 1190 630 1245 et
657 1181 822 1266 ediderat,
856 1181 896 1246 de
928 1204 995 1267 qua
1025 1203 1060 1245 re
1090 1177 1280 1262 Teuffelius‚
1321 1249 1324 1255 ,

162 1279 386 1364 „Geschichte
402 1281 460 1346 der
474 1283 660 1350 romischen
681 1283 899 1367 Litteratur“‚
921 1306 1009 1348 num.
1025 1288 1097 1352 316.
1114 1282 1280 1348 disseruit.

160 1383 278 1468 Itaque
300 1383 371 1448 fieri
393 1407 459 1449 non
480 1387 590 1472 potuit
616 1396 654 1450 ut
680 1386 729 1450 illi
750 1386 833 1452 Silio
856 1394 1044 1469 uterentur,
1079 1385 1136 1452 scd
1158 1383 1278 1451 Silium

160 1508 201 1549 ex
223 1485 289 1550 illis
310 1486 460 1553 hausisse
487 1497 626 1553 constat.
673 1487 833 1570 Quamvis
859 1487 962 1573 igitur
987 1488 1057 1552 veri
1080 1486 1205 1572 aliquid
1228 1487 1276 1550 in-

160 1589 204 1654 sit
225 1588 259 1652 in
281 1589 347 1655 illis
369 1589 478 1655 verbis
500 1589 653 1676 Rupertii
681 1589 802 1674 quibus
823 1611 903 1655 usus
933 1598 985 1656 est
1005 1612 1080 1676 pag.
1103 1589 1280 1654 XXXIII.

161 1692 444 1756 commentationis
468 1691 508 1757 de
531 1691 606 1759 Silii
627 1693 696 1757 vita
717 1700 750 1756 et
771 1693 929 1756 carmine:
957 1693 1054 1777 „quis
1076 1691 1206 1755 dubitet
1227 1691 1280 1755 vel

160 1793 257 1857 unius
285 1793 385 1857 Ennii
412 1794 559 1860 Annales
590 1794 664 1862 Silii
691 1795 819 1860 Lucani
849 1793 949 1861 Statii
982 1794 1186 1879 aliorumque
1209 1816 1279 1858 car-

160 1893 303 1960 minibus
337 1895 527 1981 redimere“,
560 1899 674 1984 negari
705 1907 815 1961 tamen
847 1921 911 1962 non
944 1906 1055 1984 potest
1088 1895 1125 1961 C.
1161 1895 1280 1963 Silium

160 1996 316 2060 Italicum
348 2021 414 2064 non
444 2009 581 2086 propter
607 2023 642 2066 se
667 2000 777 2087 ipsum
806 1999 864 2066 sed
892 2009 1027 2087 propter
1059 2000 1168 2066 fontes
1194 2022 1279 2084 quos

162 2107 295 2164 secutus
332 2100 377 2166 sit
413 2103 524 2188 magni
557 2125 628 2170 esse
661 2101 907 2168 aestimandum.
951 2101 1139 2168 Dolendum
1171 2110 1280 2166 autem

160 2209 228 2283 est,
256 2201 347 2285 quod
374 2226 479 2289 usque
506 2204 548 2270 ad
575 2206 662 2270 hunc
691 2204 776 2269 diem
798 2204 852 2269 hic
873 2206 1082 2292 potissimum
1103 2212 1202 2291 poeta
1223 2210 1279 2268 ne-

160 2302 288 2388 glectus
312 2313 345 2368 et
367 2307 464 2391 quasi
486 2317 693 2396 contemptus
717 2317 776 2391 est,
800 2317 898 2392 atque
919 2306 1094 2372 editionem
1108 2330 1206 2393 quam
1228 2307 1280 2371 vir

161 2403 279 2470 doctus
304 2429 340 2472 se
361 2408 575 2496 vulgaturum
597 2434 668 2478 essa
691 2411 858 2499 pollicitus
882 2419 931 2476 est
946 2433 1040 2476 nemo
1062 2419 1114 2477 est
1136 2410 1279 2496 quinon

162 2505 326 2574 desiderio
349 2523 526 2598 exspectet.
