3096 4880
807 269 874 367 eo'

493 514 498 524 ·
548 527 615 544 ....
630 489 729 544 teritm
744 487 847 556 junctis
866 487 1032 542 umbonibus
1051 483 1135 541 umbo

550 576 659 644 Perque
673 577 772 646 pedem
784 575 929 646 premit..

283 678 377 761 Quae
398 679 498 744 verba
520 681 587 744 fere
610 681 722 746 eadem
744 679 800 745 lib.
824 684 854 764 9
869 693 900 744 r.
916 615 1020 764 325,“
1012 702 1047 744 rn
1069 665 1196 792 pugnae
1220 676 1401 744 Cannensis

174 831 176 842 .
280 781 500 868 descriptione
522 783 599 847 huic
621 783 786 848 simillima
807 777 977 870 leguntur:

606 904 664 958 Pes
677 902 751 972 pede
769 903 866 970 virque
884 903 944 957 viro
963 903 1073 964 teritur.

280 1007 337 1072 Ad
359 1030 443 1093 quos
465 1031 579 1073 versus
602 1008 750 1078 conferas
771 1005 873 1070 Ennii
893 1008 1112 1094 fragmentum
1134 1009 1238 1093 (inter
1256 1008 1400 1074 incertae

282 1109 369 1194 sedis
392 1112 574 1196 fragmenta
594 1135 626 1174 v
648 1112 754 1196 559³)

445 1232 622 1301 „premitur
634 1231 708 1301 pede
721 1246 775 1300 pes
792 1234 887 1299 atque
894 1231 979 1286 armis
998 1247 1075 1284 arma
1091 1235 1228 1318 teruntur.

365 1341 407 1418 3.‚
429 1334 547 1422 Pugna
575 1334 618 1400 ad
638 1334 792 1400 Trebiam
818 1335 991 1400 commissa
1017 1344 1157 1420 uterque
1183 1313 1375 1402 exercitus'
1366 1359 1401 1400 1n

279 1381 416 1512 hiberna
443 1436 608 1517 concedit3
641 1459 720 1500 mox
749 1444 858 1504 autem
884 1437 977 1502 June
1003 1437 1223 1504 Hannibalem
1248 1438 1401 1504 hortatur

280 1551 318 1606 ut
332 1542 368 1606 in
381 1539 551 1606 Etruriam
566 1539 793 1626 proficiscatur
816 1539 905 1606 etad
920 1541 1157 1606 Trasumenum
1171 1542 1279 1606 lacum
1294 1551 1401 1608 castra

279 1652 391 1729 ponat.
428 1641 514 1725 Quo
541 1643 630 1708 facto
657 1641 840 1726 castrisque
872 1643 990 1728 positis
1024 1651 1192 1724 senatores
1227 1642 1400 1731 Carthagi-

279 1747 407 1820 nienses
431 1741 680 1829 adveniuntqui
691 1745 860 1810 nuntiant:
882 1768 953 1812 esse
971 1745 1140 1810 decretum
1161 1755 1199 1810 ut
1220 1747 1308 1814 filius
1330 1749 1400 1832 ejus

280 1848 340 1924 dis.
357 1849 475 1934 patriis
504 1848 737 1915 immolaretur.
782 1847 883 1916 Hunc
902 1871 1032 1914 ,morem
1058 1849 1161 1916 fuisse
1188 1848 1290 1916 Silius
1319 1849 1401 1915 dicit

278 1951 334 2017 lib.
357 1955 389 2035 4,
411 1976 442 2018 v.
459 1955 533 2020 763.
546 1973 637 2035 sqq.:

309 2102 311 2120 ι
348 2121 350 2126 .
448 2072 510 2126 Mos
527 2071 582 2125 fuit
599 2071 629 2124 in
646 2070 766 2138 populis,
785 2087 854 2139 quos
872 2072 1000 2128 condidit
1017 2073 1124 2128 advena
1140 2053 1222 2141 Dido,

449 2195 938 2214 ............
961 2159 1144 2230 flagrantibus
1164 2161 1220 2215 aris

449 2285 806 2302 .........
841 2259 943 2316 parvos
965 2245 1111 2317 imponere
1133 2252 1221 2303 natos.
1299 2253 1302 2260 ’

278 2350 334 2438 Ex
358 2351 456 2418 Liuio
485 2350 592 2415 aliove
617 2349 780 2436 scriptore
804 2350 964 2420 historico
993 2350 1095 2418 Silius
1130 2352 1194 2416 hoc
1217 2352 1399 2438 episodium

279 2453 370 2538 quod
381 2477 400 2518 a
411 2475 510 2517 versu
532 2457 604 2521 763.
626 2475 732 2537 usque
747 2452 934 2518 adversum
950 2459 1023 2524 822.
1046 2455 1188 2540 pertinet
1203 2479 1278 2523 non.
1289 2455 1400 2520 hausit

279 2556 357 2640 quia
379 2578 473 2620 nemo
498 2578 610 2620 eorum
633 2555 739 2622 simile
753 2555 835 2640 quid
856 2565 977 2622 narrat.
1021 2557 1141 2642 Neque
1155 2557 1222 2622 ullo
1238 2558 1304 2623 alio
1326 2557 1398 2622 loco

279 2657 368 2744 apud
397 2681 453 2724 eos
481 2658 659 2743 scriptores
685 2679 772 2742 quos
798 2668 930 2724 secutus
959 2668 1010 2725 est
1039 2659 1141 2727 Silius
1174 2660 1272 2745 hujus
1298 2661 1399 2726 moris

278 2760 401 2825 mentio
417 2760 465 2842 fit,
480 2759 544 2825 nisi
567 2759 655 2845 apud
669 2759 813 2824 Ennium
830 2761 946 2846 solum,
969 2764 1063 2847 cujus
1086 2763 1120 2826 in
1135 2763 1299 2828 annalium
1314 2764 1398 2829 libro

279 2872 395 2958 octavo
419 2861 473 2926 hic
495 2884 609 2927 versus
632 2862 754 2948 legitur
775 2863 898 2950 (278.):

517 2964 605 3019 Poeni
623 2981 688 3018 suos
707 2965 783 3020 soliti
801 2966 846 3021 dis
864 2967 1016 3022 sacrificare
1034 2967 1152 3038 puellos.

276 3083 278 3088 ’
365 3069 441 3152 Qua
468 3069 638 3134 occasione
664 3091 735 3134 mos
767 3069 824 3134 ille
849 3070 1036 3137 Poenorum
1066 3095 1185 3160 pueros
1218 3072 1271 3139 dis
1300 3073 1400 3138 sacri·

278 3172 399 3237 ficandi
412 3180 611 3238 memoratus
624 3171 668 3237 sit
682 3172 855 3257 nescimus,
871 3175 936 3241 nisi
950 3176 1088 3242 facimus
1099 3176 1245 3240 Ennium
1259 3175 1401 3262 primum

278 3275 381 3340 fuisse
402 3274 464 3359 qui
481 3273 545 3339 hoc
566 3273 741 3340 invenerit:
761 3275 906 3342 adfuisse
928 3285 1095 3343 senatores
1111 3275 1400 3365 Carthaginienses

280 3385 355 3441 ante
377 3399 520 3463 pugnam
543 3375 585 3441 ad
606 3377 845 3443 Trasumenum
866 3377 1003 3463 factam,
1026 3380 1084 3465 qui
1106 3378 1200 3447 ducis
1222 3381 1326 3446 filium
1348 3380 1400 3448 dis

280 3477 529 3544 sacrificandum
551 3481 790 3565 poposcissent.
834 3482 928 3547 Haec
957 3490 1066 3547 autem
1090 3483 1118 3548 si
1141 3481 1182 3548 ab
1204 3482 1312 3548 Ennio
1335 3506 1401 3548 non

281 3571 440 3646 afuerunt*
457 3580 615 3646 credibile
637 3593 687 3648 est
702 3582 822 3651 Silium
837 3583 879 3648 ad
902 3587 972 3670 ejus
993 3584 1216 3650 narrationem
1231 3608 1324 3652 suam
1344 3585 1401 3651 ad·

280 3683 460 3750 umbrasse.
506 3681 743 3768 (Conferantur
765 3709 850 3772 quae
864 3685 950 3750 dixit
965 3687 1148 3754 Vahlenius
1170 3711 1245 3775 pag.
1268 3687 1401 3774 LXII.)

365 3790 408 3870 4.,
432 3783 546 3872 Copiis
570 3807 587 3850 e
611 3785 726 3875 Capua
748 3788 875 3854 eductis
890 3789 1060 3854 Hannibal
1074 3789 1183 3854 vicina
1205 3791 1329 3878 oppida
1344 3813 1401 3876 ag·

281 3887 431 3974 greditur
459 3889 652 3974 civibusque
682 3911 836 3977 magnam
869 3891 975 3976 injicit
1005 3891 1269 3979 trepidationem.
1314 3892 1400 3960 Con·

280 3991 366 4056 feras
390 3990 475 4054 enim
498 3991 571 4056 libr.
596 3996 647 4075 12,
669 4017 700 4058 v.
725 3997 774 4061 11.
799 4015 887 4078 sqq.:

476 4094 522 4158 ¹At
538 4093 636 4162 Libyci
654 4095 733 4150 ducis
750 4101 782 4150 ut
800 4097 937 4151 fulserunt
956 4098 1035 4168 signa
1047 4115 1098 4168 per
1116 4113 1216 4167 agros·

484 4181 615 4235 Desolata
632 4187 707 4238 metu
727 4189 841 4240 cuncta.
855 4227 860 4240 .
875 4225 903 4240 ..
1008 4215 1015 4224 ·
