3096 4880
692 308 731 372 19

550 509 680 546 ...sacer
698 492 753 560 hic,
771 509 804 546 ac
823 509 925 562 magna
942 509 1070 548 sororum

353 581 494 635 Aonidum
511 597 578 634 cura
593 584 652 648 est,
671 583 700 634 et
717 580 818 649 ffignus
836 580 966 650 Apolline
984 585 1071 634 vates.

353 669 407 722 Hic
424 670 506 722 canet
524 666 628 720 illustri
645 667 752 736 primm
770 667 845 722 bella
863 666 933 720 Itala
951 683 1042 735 versu,

353 754 527 823 Attolletque
546 755 629 808 duces
648 754 741 821 coelo;
759 772 892 809 resonare
911 754 1024 808 docebit

354 843 408 896 Hic
425 841 511 896 Latiis
529 841 662 897 Helicona
680 842 780 910 modis,
798 859 850 896 nec
867 841 947 895 cedet
964 841 1070 896 honore
1101 861 1103 864 ·

354 929 476 984 Ascraeo
494 925 602 983 famave
621 930 681 983 seni
691 970 697 982 .
708 971 714 984 .
725 973 731 986 .
743 971 760 999 .,

94 1069 95 1074 κ
151 1038 210 1122 qui
231 1056 347 1100 versus
369 1056 429 1098 nos
452 1034 746 1099 counnoncfaciunt
760 1055 875 1098 versus
890 1034 979 1098 illius
992 1026 1154 1098 Enniani:
1171 1035 1274 1100 Latos

152 1163 211 1227 per
226 1137 367 1225 populos
383 1145 554 1220 terrasque
569 1146 719 1221 poemata
734 1145 847 1201 nestra
864 1123 962 1201 Clara
976 1136 1141 1201 cluebuut.
1181 1137 1275 1220 Quae

152 1244 225 1307 laus
247 1241 415 1325 cumipse
441 1239 564 1324 Apollo
593 1238 769 1304 inducetur
797 1239 971 1324 quihunc
1000 1247 1109 1304 vatem
1130 1249 1273 1323 tueatur,

153 1354 186 1410 et
209 1342 344 1428 abipsa
365 1341 466 1408 Musa
488 1341 620 1428 petatur
644 1363 734 1426 quae
754 1341 854 1406 faciat
882 1351 920 1405 ut
941 1340 1056 1408 laudes
1077 1341 1179 1408 Ennii
1201 1343 1276 1410 Silii

153 1445 351 1512 carminibus
367 1443 410 1510 ad
424 1444 630 1530 posteritatis
651 1445 842 1514 memoriam
856 1443 1040 1528 tradantur,
1062 1467 1169 1510 noune
1190 1447 1276 1512 iuter

153 1548 295 1634 Vergilii
317 1547 522 1631 aliorumque
542 1546 657 1612 laudes
684 1547 784 1632 longe
804 1547 971 1632 praestat?
1015 1547 1134 1632 Itaque
1156 1545 1275 1616 Silium

152 1675 219 1718 non
246 1651 353 1717 solum
380 1649 527 1714 Ennium
555 1649 725 1734 cognitum
739 1647 921 1732 habuisse,
950 1649 1008 1714 sed
1037 1651 1135 1716 etiam
1165 1654 1277 1740 magni

152 1777 227 1820 eum
242 1753 434 1822 aestimasse
449 1750 734 1838 persuasissimum
749 1750 830 1814 mihi
853 1759 914 1834 est,
936 1773 1043 1836 neque
1063 1751 1179 1818 dubito
1196 1757 1277 1839 quin

151 1857 257 1922 multa
283 1879 324 1924 ex
350 1855 445 1920 libris
471 1852 573 1918 Ennii
596 1851 762 1936 hauserit,
794 1854 898 1918 multa
924 1853 967 1918 ad
994 1856 1064 1939 ejus
1093 1857 1277 1942 exemplum

43 2031 45 2035 ,
154 1957 408 2025 adumbraverit.
454 1955 477 2020 J
480 1978 532 2019 am
554 1977 632 2019 vero
654 1954 695 2019 de
721 1955 849 2021 ratione
871 1957 957 2022 inter
978 1965 1156 2042 utrumque
1177 1960 1277 2024 inter·

155 2060 290 2126 cedente
311 2081 388 2124 vere
403 2058 558 2126 docemur
578 2059 822 2144 comparatione
844 2059 1017 2147 utriusque
1032 2062 1213 2126 carminum
1228 2064 1277 2127 in-
1345 2075 1349 2082 '

156 2170 287 2331 sumi&
313 2246 354 2312 In
382 2269 493 2332 pugna
520 2245 562 2311 ad
588 2244 740 2310 Ticinum
774 2247 862 2312 facta
888 2248 1080 2335 Tyrrhenus
1108 2250 1230 2316 tibicen
1258 2276 1277 2316 a

154 2350 273 2416 Peloro
302 2352 422 2437 juvene
445 2348 625 2434 occiditur⁷
656 2351 749 2436 cujus
776 2373 866 2416 mors
894 2351 971 2416 libri
992 2356 1030 2436 4,
1052 2377 1083 2418 v.
1109 2357 1180 2422 171.
1205 2377 1276 2439 sqq.

152 2453 205 2518 his
226 2451 336 2519 verbis
358 2452 571 2518 describitur:

342 2573 440 2628 Haesit
456 2573 633 2628 barbaricum
652 2575 703 2628 sub
722 2573 822 2628 anhelo
840 2578 953 2645 gutture
970 2573 1065 2642 telum,

280 2721 287 2734 Ι
342 2661 380 2716 Et
398 2660 497 2716 clausit
513 2679 628 2716 raucum
646 2661 723 2716 letali
741 2662 857 2718 vulnere
874 2679 1008 2718 murmur.

342 2750 381 2802 At
399 2764 493 2816 sonus,
511 2752 635 2803 extremo
654 2749 800 2812 morientis
818 2749 895 2804 fusus
915 2750 950 2804 ab
970 2767 1019 2804 ore

343 2835 429 2890 Flexa
446 2837 604 2904 pererravit
620 2837 705 2892 mutis
721 2837 780 2906 jam
798 2854 901 2892 cornua
919 2837 1013 2892 labris.

159 2942 254 3025 Quae
282 2962 355 3004 cum
384 2939 486 3006 Silius
516 2941 674 3006 scriberet
704 2941 765 3008 hos
793 2941 894 3006 Ennii
922 2963 1037 3010 versus
1064 2951 1139 3007 ante
1167 2943 1279 3010 oculos

157 3045 187 3108 ei
217 3044 320 3109 fuisse
351 3051 503 3130 apparet,
532 3044 617 3106 iuter
644 3043 788 3108 incertae
810 3044 897 3110 sedis
930 3045 1120 3132 fragmenta,
1146 3071 1177 3110 v.
1204 3048 1278 3116 508.

158 3157 190 3212 et
212 3150 292 3216 509:

328 3283 446 3338 cumque
465 3270 548 3336 caput
566 3266 680 3321 caderet
697 3285 809 3324 carmen
828 3270 896 3324 tuba
914 3269 974 3324 sola
991 3269 1100 3339 peregit

328 3358 357 3408 et
373 3357 508 3424 pereunte
526 3354 588 3409 viro
606 3373 720 3408 raucum
738 3371 823 3409 sonus
842 3375 905 3411 aere
924 3358 1054 3412 cucurrit

159 3459 311 3544 (Praesto
334 3459 414 3524 mihi
437 3468 487 3524 est
508 3457 591 3524 liber
606 3459 664 3544 qui
679 3460 884 3525 inscribitur:
907 3461 1076 3528 Ennianae
1097 3464 1207 3549 poesis
1230 3487 1280 3528 re·

159 3561 280 3648 liquiae
302 3562 466 3628 recensuit
493 3562 640 3628 Joaunes
663 3563 802 3630 Vahlen.
847 3563 982 3650 Lipsiae
1003 3563 1281 3652 MDCCCLIV.)

244 3669 289 3745 2.,
316 3664 435 3748 Neque
467 3674 576 3730 tamen
600 3663 757 3750 Romani,
790 3690 989 3752 quamquam
1021 3667 1083 3731 hac
1109 3668 1143 3731 in
1170 3683 1281 3756 pugna

161 3788 356 3853 permagnus
384 3788 538 3832 numerus
572 3791 683 3834 eorum
711 3769 859 3834 caeditur
885 3769 1002 3854 pedem
1030 3769 1190 3855 referunt,
1224 3773 1282 3837 sed

160 3867 280 3934 milites
295 3867 461 3952 utrimque
476 3869 557 3934 adeo
574 3871 712 3936 conferti
735 3869 892 3956 densique
914 3880 1063 3960 pugnant
1085 3881 1123 3936 ut
1136 3875 1282 3960 spatium

157 3973 344 4058 jaculorum
357 3970 635 4054 conjiciendorum
651 3972 746 4054 desit.
775 3973 883 4057 Quam
899 3973 1009 4040 caedis
1024 3974 1158 4060 rabiem,
1173 3986 1282 4042 tanto·

161 4098 238 4161 pere
266 4075 376 4142 subito
404 4083 552 4140 exortam
579 4083 616 4137 ut
644 4098 734 4140 arma
760 4076 865 4142 furori
894 4077 951 4142 vix
973 4077 1152 4144 sufficiant.
1181 4079 1282 4144 Silius

162 4178 318 4244 describit
340 4199 424 4242 vers.
448 4181 519 4246 351.
544 4199 626 4260 sqq..
649 4175 704 4241 lib.
728 4181 762 4245 4:

1040 4288 1079 4322 ea

1041 4325 1055 4340 d
