3096 4880
795 316 816 378 4

249 501 291 566 ob
313 522 381 564 rem
408 522 482 564 cum
509 499 610 564 nolim
637 505 675 564 ea
704 523 791 564 nunc
819 500 939 564 iterum
970 499 1101 584 afferre,
1124 523 1208 585 quae
1233 501 1274 565 ab
1298 501 1371 565 aliis

244 606 312 688 jam
335 604 486 688 exposita
509 612 596 685 sunt,
619 601 717 688 hujus
740 603 943 687 quaestionis
967 627 1127 670 summam
1151 605 1265 689 paucis
1281 627 1370 668 eom·

247 707 348 792 plecti
370 706 482 770 liceat:
511 705 590 770 Non
620 707 725 771 solum
752 706 786 769 in
808 729 917 770 rerum
945 716 1113 793 gestarum
1140 706 1370 794 dispositione,

249 809 306 874 sed
329 810 428 874 etiam
449 832 683 894 nonnunquam
697 810 731 872 in
759 809 856 875 rebus
880 810 1102 896 singularibus
1119 808 1241 876 eisdem
1263 811 1369 874 minu-

248 913 387 977 tissimis
415 912 626 996 (conferatur
659 908 857 996 0000011100,
880 914 901 977 1.
926 914 947 977 1.
976 936 1050 999 pag.
1082 918 1141 996 23,
1172 915 1234 999 24)
1268 913 1370 979 Silius

247 1016 337 1080 Livii
360 1015 510 1100 vestigiis
533 1015 700 1100 ingressus
724 1023 788 1094 est3
812 1014 871 1080 sed
893 1024 1021 1079 tantum
1044 1016 1210 1080 abfuit'ut
1232 1016 1286 1080 ille
1311 1016 1370 1080 Li-

247 1119 338 1182 vium
360 1118 401 1182 ab
424 1141 486 1181 ovo
511 1139 615 1200 usque
636 1115 678 1179 ad
693 1118 815 1181 malum
830 1117 980 1182 versibus
996 1127 1168 1203 repeteret,
1185 1128 1222 1182 ut
1239 1120 1369 1204 saepius

248 1220 288 1286 de
311 1219 474 1287 industria
502 1219 543 1284 ab
566 1242 603 1283 eo
627 1217 820 1284 discederet.
864 1219 924 1285 Eis
953 1229 1063 1285 tamen
1088 1222 1170 1286 locis
1194 1222 1314 1305 quibus
1336 1223 1369 1284 in

248 1331 546 1409 rerumgestarum
573 1322 760 1386 narratione
787 1321 961 1388 dissentire
991 1346 1065 1387 eum
1093 1348 1112 1388 0
1135 1323 1275 1388 Liviana
1301 1324 1369 1388 his-

248 1428 336 1492 toria
358 1427 431 1490 luce
454 1425 574 1490 clarius
598 1432 648 1490 est
670 1421 883 1508 (Cosackius
906 1425 964 1489 1.1.
989 1449 1021 1511 p.
1037 1429 1191 1514 29-35),
1215 1436 1272 1490 001
1288 1427 1370 1491 01100

249 1530 426 1615 scriptores
454 1536 531 1592 0010
559 1528 673 1592 000100
701 1526 817 1592 habuit
845 1537 902 1592 aut
925 1552 942 1592 0
963 1539 1134 1614 poetarum
1161 1553 1251 1593 more
1274 1552 1368 1594 011001

249 1633 421 1698 arbitrium
444 1639 576 1696 secutus
592 1653 643 1694 res
659 1628 790 1694 videtur
805 1631 951 1716 finxisse,
973 1633 1020 1696 ita
1035 1641 1083 1716 ut,
1099 1632 1249 1721 quamvis
1264 1632 1368 1696 totius

249 1734 434 1820 argumenti
456 1755 583 1799 summa
605 1755 622 1796 0
644 1733 742 1798 Livio
767 1735 810 1799 sit
832 1733 962 1818 hausta,
984 1736 1107 1800 multae
1128 1745 1238 1799 tamen
1260 1757 1313 1798 res
1335 1735 1368 1797 in

248 1838 389 1901 carmine
412 1835 538 1904 Siliano
561 1836 713 1922 legantur
735 1860 819 1921 quae
842 1846 900 1902 aut
922 1838 956 1901 in
978 1837 1183 1908 Liviilibris
1207 1861 1272 1902 nou
1294 1860 1368 1901 nar-

247 1950 362 2005 rantur
385 1949 442 2005 aut
469 1963 544 2004 cum
570 1939 617 2002 ibi
642 1941 784 2006 narratis
811 1963 947 2026 prorsus
975 1939 1183 2022 dissentiunt.
1230 1939 1306 2022 Qua
1334 1963 1369 2002 re

248 2043 432 2110 Cosaekius
455 2043 476 2107 l.
492 2043 513 2106 l.
530 2066 562 2127 p.
585 2044 637 2110 56.
661 2063 694 2107 se
717 2066 782 2106 non
797 2065 895 2128 posse
911 2052 1021 2108 000001
1044 2044 1124 2129 quin
1140 2021 1223 2110 silit
1238 2040 1368 2108 laudem

247 2146 324 2211 fidei
351 2145 529 2212 historicae
559 2143 710 2230 deroget,
744 2153 843 2230 atque
873 2154 971 2230 neget
998 2168 1072 2208 eum
1098 2169 1170 2212 0000
1201 2156 1369 2210 auctorem

246 2273 343 2334 quem
366 2249 399 2313 in
419 2249 517 2314 rebus
540 2248 672 2314 incertis
696 2248 789 2332 sequi
810 2248 986 2333 possimus.
1030 2248 1106 2312 Hoc
1120 2249 1187 2312 fere
1207 2247 1370 2333 judicium

247 2361 297 2418 est
325 2375 437 2416 eorum
464 2351 522 2436 qui
549 2349 589 2414 de
622 2341 684 2414 hac
716 2373 751 2414 re
782 2349 1007 2416 disseruerunt
1034 2372 1139 2433 neque
1171 2349 1261 2414 aliud
1287 2349 1369 2434 quid

247 2478 332 2520 nuuc
359 2452 494 2538 addam,
527 2454 721 2540 praesertim
749 2475 823 2517 cum
846 2477 864 2517 a
887 2454 966 2520 viris
1000 2453 1066 2519 illis
1093 2451 1199 2517 doctis
1227 2453 1369 2538 plurima

246 2558 396 2643 exempla
418 2579 458 2620 ex
484 2555 605 2641 quibus
627 2556 660 2619 in
683 2556 855 2620 narrandis
884 2555 981 2620 rebus
1009 2556 1111 2641 gestis
1135 2578 1208 2619 eum
1231 2577 1248 2618 e
1271 2555 1368 2619 Livio

247 2661 396 2726 hausisse
419 2668 577 2745 appareat
600 2659 699 2722 allata
722 2658 788 2724 sint
803 2681 944 2742 quorum
964 2681 1135 2722 numerum
1150 2658 1369 2743 multiplicare

246 2763 353 2829 facilis
374 2771 461 2828 00001
476 2761 610 2845 laboris,
633 2762 696 2826 nisi
725 2763 944 2847 proprietates
967 2760 1129 2845 quasdam
1151 2769 1184 2824 et
1210 2761 1369 2825 Livianae

246 2876 279 2930 et
302 2865 446 2933 Silianae
469 2864 639 2947 orationis,
662 2888 702 2928 ex
725 2865 846 2948 quibus
868 2873 1030 2948 quatenus
1053 2863 1155 2930 Silius
1178 2864 1277 2927 etiam
1300 2863 1368 2927 dic-

246 2970 369 3033 tionem
392 2968 565 3032 Livianam
587 2968 755 3053 propriam
778 2967 841 3032 sibi
863 2967 978 3032 fecerit
1005 2968 1120 3031 elucet.
1165 2967 1262 3032 Hauc
1284 2967 1369 3031 enim

248 3094 315 3135 rem
342 3069 416 3137 Silii
443 3070 639 3155 interpretes
668 3071 697 3135 si
722 3094 788 3135 000
815 3071 911 3156 01000
943 3070 1158 3157 neglexerunt
1191 3077 1225 3134 01
1253 3069 1367 3134 0011001

246 3172 474 3240 tantummodo
497 3173 675 3260 perstringi
698 3195 736 3237 ao
758 3173 873 3258 paucis
890 3173 1018 3264 absolvi
1040 3196 1138 3259 00000
1161 3180 1367 3238 0000001001.

478 3359 517 3436 1.,
541 3352 745 3418 Substantiam
767 3376 848 3439 quaa
869 3355 904 3416 in
927 3365 993 3418 ·tor
1014 3353 1140 3417 cudant.

333 3483 621 3551 Studiosissimum
643 3483 745 3549 fuisse
762 3482 896 3547 Livium
918 3482 1198 3548 substantivorum
1225 3503 1309 3566 quae
1334 3481 1368 3544 in

247 3598 315 3654 -tor
327 3587 458 3669 cadunt,
471 3585 697 3652 Kuehnastius
712 3587 745 3649 10
761 3585 845 3650 libro
857 3586 915 3670 qui
927 3583 1133 3651 inscribitur:
1149 3583 1225 3668 „die
1236 3583 1369 3669 Haupt-r

247 3691 372 3777 punkte
394 3688 453 3752 der
467 3687 699 3754 Livianischen
715 3687 866 3776 8001011ιι
878 3687 1032 3753 editionis
1047 3686 1183 3752 alterius
1203 3709 1277 3772 pag.
1294 3691 1367 3754 336.

247 3792 405 3878 exemplis
417 3791 664 3858 demonstravit.
688 3791 759 3855 Alii
771 3792 834 3856 alia
847 3791 995 3877 exempla
1006 3788 1214 3856 addiderunt.
1236 3790 1368 3876 Legun-

247 3904 302 3958 tur
325 3903 433 3959 autem
457 3894 664 3960 substantiva
686 3917 769 3979 quae
792 3895 825 3958 in
848 3903 917 3958 -tor
940 3892 1078 3957 eadunt:
1353 3889 1356 3894 ⁴

375 3997 462 4083 apud
485 3997 612 4079 Siliam,
629 3999 779 4082 -eujus
796 4019 924 4062 carmen
941 4019 981 4060 ex
998 3999 1097 4064 1220]
1125 3993 1275 4060 versibus
1291 4015 1368 4056 000-

291 4109 414 4165 0101-
429 4099 649 4186 quadraginta
670 4100 825 4184 quinque,
849 4110 882 4165 01
904 4099 984 4164 haec
999 4097 1137 4183 quidem
1160 4095 1367 4182 quingenties

290 4203 454 4285 0111100100,
478 4203 545 4267 sive
560 4205 708 4286 d‚188⁰l0.
753 4203 792 4268 In
815 4201 929 4268 eodem
948 4224 1101 4269 versuum
1124 4221 1259 4264 numero
1282 4198 1370 4283 apud
