3096 4880
810 223 853 288 40

858 413 889 464 at
906 425 961 462 non
979 413 1060 464 vacat
1077 425 1158 479 aegre

500 499 638 555 Invidiam
655 495 762 570 gladios
781 497 855 552 inter
877 497 1017 565 lituosque
1043 500 1142 553 timere

504 588 543 643 Et
560 587 645 642 dubia
662 603 771 641 morsus
794 585 885 640 famae
902 584 1041 653 depellere
1058 601 1160 654 pugna.

274 730 405 815 Quibus
427 730 461 794 in
483 728 592 794 verbis
615 727 731 794 similis
753 726 839 792 inest
855 725 1016 791 sententia
1038 733 1137 812 atque
1159 725 1193 790 in
1215 748 1313 792 versu
1335 727 1395 792 illo

272 833 425 900 Enniano
447 831 620 898 notissimo
642 855 674 894 v.
697 832 787 898 314:

509 934 636 989 Noenum
652 933 778 1003 ponebat
798 948 924 986 rumores
948 934 1013 985 ante
1031 933 1156 986 salutem.

358 1044 422 1124 32„
444 1040 517 1105 Nec
538 1037 654 1102 dubito
677 1037 758 1122 quin
773 1035 856 1102 Silio
872 1057 946 1100 oum
968 1035 1126 1102 scriberet
1141 1059 1256 1104 versus
1271 1039 1327 1103 lib.
1345 1043 1399 1123 16,

276 1147 348 1214 672.
373 1165 460 1228 sqq:

784 1257 834 1312 Set
850 1258 942 1330 gloria
960 1264 1041 1314 cnuto

439 1351 504 1405 Non
521 1347 596 1403 vinci
613 1347 730 1417 pulchra
748 1350 791 1400 est
808 1346 906 1415 Fabio,
926 1347 1092 1416 peperitque
1110 1347 1234 1405 sedendo

444 1437 542 1492 Omnia
560 1436 710 1506 Cunctator
728 1434 810 1488 nobis
824 1476 830 1489 .
844 1474 851 1489 .
865 1475 871 1488 .
887 1474 894 1488 .

278 1553 354 1611 ante
377 1543 492 1610 oculos
514 1541 614 1606 fuerit
635 1540 828 1606 notissimus
850 1539 906 1604 ille
927 1539 1028 1606 Ennii
1049 1565 1164 1609 versus
1187 1545 1294 1632 (313.)

498 1645 576 1700 Unus
594 1645 679 1698 homo
695 1642 779 1697 nobis
798 1643 953 1699 cunctando
971 1645 1097 1700 restituit
1113 1665 1180 1702 rem.

363 1757 427 1836 33.,
449 1749 634 1816 Hannibale
655 1748 744 1813 victo
768 1721 1041 1834 ScipioRomem
1068 1751 1154 1816 redit
1176 1755 1403 1839 splendidissi-

279 1877 434 1942 mumque
462 1853 532 1940 agit
563 1849 778 1937 triumphum.
823 1850 880 1916 Ad
905 1851 1002 1917 finem
1029 1864 1138 1919 autem
1165 1858 1319 1926 carminis
1352 1861 1403 1927 sui

282 1959 385 2028 Silius
408 1955 597 2042 Scipionem
617 1952 771 2020 laudibus
794 1953 888 2019 effert
909 1955 956 2039 (v.
980 1957 1132 2040 650,1ib.
1157 1961 1240 2046 17.)2

672 2055 754 2112 Salve
776 2057 885 2112 inuicte·
900 2059 1014 2126 parens!

284 2165 415 2234 Similes
443 2163 559 2230 laudes
586 2159 753 2247 Scipionis
781 2160 870 2247 apud
896 2162 1040 2230 Ennium
1072 2187 1204 2252 quoque
1235 2169 1337 2237 fuisse
1365 2195 1406 2236 ex

202 2276 208 2286 '
287 2268 396 2334 verbis
418 2287 577 2360 apparqre
599 2285 714 2330 censeo
737 2286 853 2329 versus
875 2267 963 2334 321.:

733 2365 826 2436 Scipio
844 2367 963 2424 invicte!

372 2478 441 2560 34„
468 2473 571 2539 Libro
598 2471 698 2538 tertio
721 2471 848 2538 decimo
871 2472 911 2538 de
934 2473 1089 2561 Scipione
1115 2490 1285 2567 narratur,
1314 2484 1366 2548 cui
1389 2509 1409 2550 a

288 2577 417 2665 Sibylla
442 2583 574 2664 praeter
600 2575 723 2640 multos
751 2575 834 2642 alios
862 2575 953 2641 viros
975 2577 1142 2648 Homerus
1164 2607 1295 2669 quoque
1317 2612 1409 2654 mon-

290 2689 452 2746 stratum·
485 2676 593 2761 Quem
629 2676 742 2763 Scipio
785 2678 995 2765 conspicatus
1032 2706 1073 2747 cx
1114 2683 1242 2774 Sibylla
1282 2693 1411 2775 quaerit

289 2784 336 2868 (v.
361 2783 469 2868 781.)=

459 2903 526 2972 Dic,
544 2901 598 2971 ait,
620 2901 668 2956 hic
685 2902 799 2972 quinam
816 2901 917 2974 virgo?
943 2922 1010 2961 nam
1032 2907 1095 2963 luce
1111 2909 1232 2982 refulget

458 2990 612 3058 Praecipua
629 2989 706 3044 frons
724 3006 803 3047 sacre
818 2993 880 3046 viro
883 3030 970 3059 .....

461 3079 515 3147 Qui
532 3078 639 3134 vultus!
658 3095 742 3149 quem
760 3078 784 3132 si
803 3077 900 3149 Stygia
917 3097 975 3136 non
992 3085 1066 3137 esset
1083 3083 1114 3137 in
1131 3086 1232 3139 umbra

463 3166 604 3221 Dixissem
621 3165 703 3221 facile
720 3183 781 3221 esse
799 3165 894 3221 deum!

295 3287 362 3357 Sed
388 3287 518 3354 Ennius
549 3277 681 3372 qdoque
713 3310 755 3353 ex
782 3287 873 3356 Orco
905 3289 1001 3377 fingit
1026 3289 1209 3358 Homerum
1241 3295 1415 3362 escendere

295 3391 381 3458 libro
402 3390 521 3478 primo,
542 3389 600 3456 ubi
622 3389 658 3454 hi
680 3399 813 3458 exstant
833 3413 949 3460 versus
971 3393 1018 3478 (v.
1041 3395 1104 3480 6.):

601 3493 678 3550 visus
695 3495 832 3550 Homerus
856 3493 953 3552 edesse
969 3501 1054 3565 poeta
1067 3539 1073 3552 .
1086 3539 1113 3552 ..

571 3579 607 3634 Ei
624 3582 694 3635 mihi
711 3582 800 3651 qualis
819 3584 891 3639 eret!

299 3687 368 3773 (De
390 3711 456 3774 qua
471 3695 506 3751 r'e
520 3687 707 3758 conferatur
722 3687 898 3754 Lucretius
913 3711 1044 3776 quoque
1059 3691 1115 3758 lib.
1141 3697 1170 3777 l,
1192 3719 1222 3758 v.
1241 3699 1311 3763 114.
1328 3697 1419 3782 sqq.)

404 3797 447 3875 5.,
469 3789 610 3877 Legitur
632 3787 720 3876 apud
744 3786 861 3857 Silium
882 3790 939 3857 lib.
964 3799 993 3876 1,
1015 3817 1047 3858 v.
1071 3797 1137 3865 'lla

778 3892 862 3949 Ortus
880 3894 998 3964 (scilicet
1015 3897 1165 3969 Hannibal)

555 3981 674 4036 Sarrana
694 3981 782 4051 prisci
800 3977 905 4037 Barcae
927 3981 1062 4058 degente
1075 4027 1165 4042 .....

303 4089 428 4156 Bareas
451 4094 566 4152 auctor
587 4087 651 4152 fuit
673 4087 780 4174 gentis
795 4087 950 4174 Punicae,
972 4115 1055 4177 quae
1077 4114 1157 4179 gens
1177 4092 1319 4182 Sarrana
1341 4094 1422 4160 dici-
