3096 4880
697 295 736 359 21

152 477 271 562 Neque
291 487 401 544 tamen
416 471 593 565 Neapoliu,
617 476 751 561 Cumas,
767 477 925 542 Puteolos
941 498 1129 565 expugnare
1150 486 1275 564 potest·

153 591 356 668 quapropter
387 591 565 668 postquam
596 581 763 668 regionem
795 581 1014 667 propinquam
1048 580 1272 668 perlustravit,

151 683 255 750 iratus
277 684 437 749 Puteolos
459 683 545 750 redit
567 705 730 770 agrosque
753 693 875 748 vastat:

681 845 707 859 ..
722 821 903 876 ..regressus
920 803 957 858 ad
975 805 1047 858 eltos

372 891 441 945 Inde
458 891 665 960 Pherecyadum
682 909 776 946 muros
794 892 954 947 frondentia
971 893 1046 946 laeto
1082 961 1086 982 .

358 979 492 1034 'Palmite
510 979 638 1044 devastat
654 979 762 1049 Nysaea
779 979 923 1037 cacumina
940 979 1033 1034 Gauri.
1074 1009 1080 1030 ι

151 1083 282 1148 Deinde
308 1108 327 1148 a
349 1085 509 1150 Marcello
538 1083 582 1148 ad
607 1083 730 1150 Nolam
757 1085 867 1150 victus
894 1085 1016 1149 multas
1044 1085 1126 1148 alias
1153 1085 1274 1149 Italiae

151 1187 316 1252 inferioris
331 1187 428 1252 urbes
443 1186 569 1272 diripit,
591 1185 746 1271 incendit,
769 1187 840 1252 solo
864 1196 994 1272 aequet,
1018 1209 1117 1274 agros
1134 1187 1272 1251 ubicun-

151 1306 216 1374 que
237 1297 356 1354 vastat.
402 1287 622 1377 conferantur
643 1289 678 1354 hi
699 1311 814 1355 versus
835 1293 909 1359 420.
922 1311 1020 1375 'sqqa

282 1410 320 1464 At
337 1409 443 1479 Libyae
461 1410 569 1480 ductor,
587 1411 719 1467 Marcello
736 1411 850 1478 fractus,
868 1415 896 1465 et
913 1411 971 1465 acri

283 1497 421 1552 contusus
437 1515 540 1569 pugna,
558 1515 672 1568 campos
690 1499 844 1566 damnarat,
862 1503 892 1554 et
908 1517 987 1554 arma

281 1585 414 1656 Verterat
428 1586 466 1642 ed
481 1585 599 1642 miseras
616 1625 707 1640 .....
720 1590 872 1654 sequnntur
889 1586 1001 1642 urbium
1017 1585 1140 1642 nomina.

151 1689 229 1756 Non
244 1689 368 1756 dubito
390 1691 456 1759 huc
477 1689 599 1756 referre
619 1689 721 1754 Ermii
742 1711 873 1756 versum
888 1690 992 1774 (inter
1012 1691 1157 1756 incertae
1183 1689 1273 1756 sedis

148 1794 333 1880 fragmenta
344 1817 386 1858 =v.
401 1794 508 1878 4870:

320 1896 418 1966 Deque
433 1894 561 1969 totondit
582 1911 665 1966 agros
682 1896 770 1950 laetos
789 1901 872 1966 atque
889 1895 995 1968 oppida
1011 1895 1104 1966 cepit.¹

235 2005 278 2086 5.,
299 1999 452 2066 Enniana
484 2000 626 2067 formula
657 1999 743 2066 inest
776 2000 811 2066 in
841 2022 940 2068 versu
966 1965 1023 2085 78}
1055 1999 1132 2066 libri
1163 2001 1272 2088 quinti

149 2102 284 2168 decimi:
387 2175 389 2180 .

172 2205 175 2211 ¹
382 2224 429 2294 At,
448 2223 511 2295 quis
528 2224 651 2280 aetherei
670 2227 796 2279 servatur
814 2224 929 2280 seminis
947 2227 1034 2295 crtus,

382 2312 459 2368 Oceli
475 2315 559 2383 porta
574 2315 661 2380 patet.

152 2397 312 2465 Conferas
335 2398 420 2464 enim
441 2399 542 2464 Ennii
563 2421 695 2465 versum
725 2398 882 2486 epigram.
907 2404 956 2468 10.
970 2400 1063 2486 (pag.
1087 2403 1160 2483 163,
1183 2398 1271 2485 apud

148 2503 363 2589 Vahlenium)

438 2623 480 2678 Mi
499 2624 552 2679 soli
570 2622 639 2678 caeli
655 2623 776 2678 maxima
792 2627 876 2692 ports
892 2626 980 2694 patet.

236 2733 278 2812 6.,
300 2728 418 2815 Pugna
440 2727 483 2794 ad
504 2729 657 2794 Ticinum
678 2730 767 2793 factu
786 2735 927 2813 uterque
948 2727 1111 2795 exercitus
1134 2726 1177 2791 ad
1191 2727 1272 2791 Tre·
1298 2797 1303 2804 ,

151 2830 239 2896 biam
253 2830 373 2896 flumen
387 2830 618 2917 proficiscitur,
641 2830 698 2894 ubi
720 2829 889 2922 Hannibal
902 2829 1070 2896 Romanos
1093 2829 1135 2896 ud
1149 2851 1272 2893 novum

151 2932 312 3019 proelium
343 2933 462 2999 irritat.
505 2932 647 3000 Romani
681 2941 790 2998 autern
823 2932 1059 3019 disperguntur
1091 2941 1124 2996 et
1151 2932 1272 2998 Trebia

150 3034 271 3100 flumen
285 3036 438 3122 precibus
453 3035 478 3102 J
478 3036 596 3101 unonis
613 3035 841 3121 obtemperans
856 3034 963 3100 undas
978 3035 1127 3101 suscitat.
1162 3033 1271 3118 Quam

149 3161 218 3202 rem
241 3138 344 3207 Silius
366 3138 542 3226 descripsit
562 3139 619 3204 lib.
641 3141 673 3223 4,
695 3164 726 3203 v.
749 3142 821 3206 573.
845 3161 934 3224 sqq.:

325 3259 396 3316 Tum
413 3259 516 3316 Trebia
533 3259 654 3316 infausto
673 3277 745 3315 nova
762 3259 870 3328 proelia
887 3257 998 3330 gurgite
1015 3257 1096 3312 fessis
1156 3278 1158 3284 ’
1263 3295 1269 3314 .

319 3317 436 3404 Idchoat
453 3366 486 3403 ac
503 3349 633 3418 precibus
651 3347 768 3402 Junonis
782 3346 904 3401 'suscitat
920 3345 1018 3400 undas.

217 3431 220 3438 ’
320 3435 421 3491 Haurit
438 3435 584 3490 subsidens
602 3428 758 3504 fugientum
775 3451 892 3504 corpora
908 3433 1000 3502 tellus,

320 3522 463 3593 lnfideque
481 3523 534 3576 soli
550 3521 682 3576 frustrata
699 3521 832 3590 voragine
850 3522 960 3576 sorbet.
973 3563 979 3575 .
990 3562 1013 3576 ..

151 3628 230 3692 Non
258 3607 373 3692 dubito
401 3628 483 3712 quin
507 3625 572 3692 huc
604 3625 793 3692 referendus
820 3625 864 3691 sit
890 3625 990 3690 Ennii
1022 3634 1138 3690 versus
1170 3625 1272 3708 (inter

151 3731 294 3794 incertae
317 3728 404 3796 sedis
426 3730 609 3816 fragmenta
630 3753 661 3794 v.
684 3731 788 3814 558.):

354 3850 446 3920 Atque
464 3867 547 3904 manu
565 3868 665 3920 magna
682 3850 823 3904 Romanos
841 3848 953 3919 impulit
971 3847 1067 3902 amnis.
1121 3826 1126 3840 ⁸

237 3961 284 4040 b,
323 3954 402 4021 Jam
440 3977 541 4041 supra
579 3955 676 4042 (pag.
716 3955 789 4039 18.)
825 3953 868 4018 de
895 3951 952 4017 illo
990 3952 1064 4018 loco
1102 3949 1271 4040 disputari

152 4060 208 4125 ubi
245 4059 374 4124 Ennius
412 4056 485 4144 ipse
520 4055 689 4121 inducitur
726 4056 759 4120 in
796 4053 951 4130 Sardinia
990 4065 1104 4122 contra
1142 4057 1271 4122 Poenos

152 4185 312 4250 pugnans.
371 4161 444 4226 Nec
485 4182 551 4226 non
588 4157 761 4224 Cornelius
789 4158 912 4244 Nepos
954 4158 986 4224 iu
1027 4159 1095 4225 vita
1134 4159 1271 4226 Catonis
