3096 4880
661 303 703 371 73

123 487 276 574 Denique
290 489 451 577 Polybius
466 487 548 555 haec
561 485 667 554 tradit
681 489 737 554 lib.
754 492 785 572 2,
801 509 872 574 cap.
888 491 941 571 36,
957 491 988 570 ἓ.
1006 491 1050 556 1.:
1066 486 1243 574 ἐτελεύτησε

11 659 12 664 ,
127 591 344 679 δολοφονηῖνείς
357 593 389 659 ἐν
402 598 484 670 τοῖς
505 591 641 660 ἑαυτοῦ
657 588 902 676 nazarenam
922 587 1030 669 νυκτὸς
1050 587 1109 657 ὑπὸ
1124 594 1243 658 Κελεοῦ

126 715 207 772 τινος
227 693 263 760 τὸ
284 697 370 780 γένος
390 693 473 760 ἰδίων
493 692 584 760 ἕνεκα
605 690 829 779 ἀδικημάτων.
846 721 908 757 ...·

212 800 255 881 4.,
278 797 352 862 Lib.
375 801 407 882 3,
429 821 460 862 ν.
483 799 556 866 234.
580 818 652 880 sqq.
675 793 778 863 Silius
800 793 958 862 describit
981 793 1093 862 Iberes
1115 818 1244 861 eorum-

127 921 192 984 que
214 921 320 964 armar

579 1017 668 1074 Rudis
686 1019 730 1074 bis
747 1023 814 1074 tunc
831 1033 927 1088 parma
928 1058 1059 1088 .......

514 1145 639 1163 .......
653 1111 682 1162 et
699 1107 801 1162 rubrae
817 1107 954 1162 velamine
971 1107 1058 1162 vestis

315 1194 369 1252 An
393 1198 453 1250 erat
470 1195 500 1251 in
516 1213 612 1268 pugna
629 1193 721 1250 lusum
744 1194 898 1250 occuluisse
921 1211 1058 1250 cruorem.

131 1351 230 1418 Hanc
255 1351 508 1439 descriptionem
535 1351 677 1440 Polybio
704 1349 820 1436 debet,
846 1351 905 1436 qui
930 1351 988 1416 lib.
1015 1355 1050 1437 3,
1078 1374 1150 1438 cap.
1175 1355 1246 1420 114.

130 1455 160 1540 ξ.
176 1459 207 1523 4.
223 1453 319 1520 dicit:
333 1458 392 1521 τῶν
407 1453 441 1520 δὲ
450 1452 578 1543 Ἰβήρων
591 1457 683 1533 λινοῖς
695 1451 922 1541 περιπορφύροις
937 1454 1126 1539 χιτωνίσκοις
1140 1477 1248 1522 κεκοσ-

131 1558 270 1646 μημένων
296 1554 382 1626 κατὰ
407 1555 449 1625 τὰ
470 1556 595 1645 πάτριοι,
618 1555 789 1637 ξενίζουσαν
819 1553 889 1642 ἅμα
913 1555 971 1623 καί
991 1554 1249 1645 καταπληκτικὴν

129 1660 283 1743 συνέβαινε
303 1659 463 1748 γίγνεοίιοιι
482 1657 539 1747 τὴν
559 1658 714 1746 πρόςοψιν.

215 1764 259 1848 5.,
280 1764 321 1829 In
347 1786 461 1850 pugna
487 1761 530 1828 ad
556 1763 794 1828 Trasumenum
820 1761 908 1828 facta
930 1761 1112 1828 Flaminius
1134 1764 1249 1830 consul

130 1865 290 1933 caeditur.
333 1865 417 1932 Rem
444 1866 550 1952 ipsam
577 1865 694 1930 Livius
723 1865 780 1931 lib.
808 1869 867 1949 22,
893 1887 966 1951 cap.
994 1867 1024 1932 6.
1054 1865 1102 1930 sic
1122 1875 1249 1930 narrat:

130 1970 359 2057 insignemque
383 1969 483 2035 armis
510 1968 547 2054 (i.
571 1990 598 2033 e.
629 1966 844 2053 Flaminium)
871 1974 905 2032 et
931 1965 1044 2034 hostes
1067 1989 1194 2050 summa
1215 1969 1249 2032 vi

132 2072 289 2160 petebant
317 2079 351 2136 et
377 2071 556 2136 tuebantur
577 2070 680 2154 cives,
703 2067 808 2134 donec
830 2070 969 2135 Insuber
991 2091 1091 2155 eques
1114 2107 1154 2120 --
1176 2069 1249 2135 Du-

131 2175 221 2240 cario
243 2197 361 2240 nomen
383 2183 511 2238 erat-
525 2173 608 2238 facie
630 2194 762 2257 quoque
783 2173 951 2239 noscitans
978 2173 1144 2238 consulem
1166 2177 1251 2257 „en“

133 2278 243 2362 inquit
269 2275 350 2361 „hic
376 2279 469 2360 est“,
496 2275 714 2363 popularibus
742 2275 811 2341 suis
833 2275 920 2359 „qui
945 2275 1090 2361 legiones
1118 2284 1250 2342 nostras

134 2378 266 2464 cecidit,
287 2401 451 2466 agrosque
473 2387 507 2443 et
528 2378 643 2444 urbem
665 2384 716 2442 est
737 2375 973 2463 depopulatusl
991 2380 1061 2464 jam
1083 2401 1144 2465 ego
1166 2377 1251 2444 hanc

133 2483 301 2548 victimam
323 2480 483 2548 Manibus
504 2489 748 2568 peremptorum
770 2478 867 2544 foede
888 2479 1010 2545 civium
1031 2479 1152 2546 dabo.“
1175 2482 1252 2549 sub-

134 2584 279 2669 ditisque
307 2583 491 2650 calcaribus
518 2606 603 2669 equo
630 2605 689 2670 per
719 2582 993 2649 confertissimam
1014 2582 1160 2650 hostium
1182 2593 1254 2648 tur-

134 2689 211 2754 bam
239 2688 398 2774 impetum
418 2686 513 2766 facit3
542 2686 803 2770 obtruncatoque
824 2685 917 2772 prius
940 2685 1115 2772 armigero,
1137 2687 1196 2771 qui
1218 2710 1253 2752 sc

135 2791 256 2857 infesto
278 2789 424 2856 venienti
451 2789 583 2854 obviam
605 2787 786 2875 objecerat,
812 2789 980 2856 consulem
1005 2789 1120 2854 lancea
1146 2797 1254 2855 trans·

135 2894 242 2958 fixit.“
285 2891 388 2959 Silius
411 2900 531 2976 autem,
552 2899 731 2977 postquam
743 2892 891 2955 narravit
912 2890 968 2956 lib.
981 2894 1012 2974 5,
1027 2914 1076 2957 vs.
1092 2896 1165 2960 644.
1181 2914 1254 2977 sqq.

135 2995 320 3062 Ducarium
346 2994 507 3080 Bojorum
534 2992 665 3077 ducem,
692 2993 751 3078 qui
778 2991 976 3058 Flaminium
1002 2994 1148 3080 noverit,
1176 3017 1255 3062 suos

137 3097 350 3164 adhortatum
375 3119 447 3163 esse
474 3105 513 3162 ut
539 3119 613 3162 eum
639 3095 747 3161 virum
769 3097 828 3183 qui
850 3118 928 3162 suos
949 3097 1127 3183 populares
1148 3120 1253 3184 quon-

137 3200 214 3266 dam
236 3200 363 3285 vicerit,
385 3199 568 3285 caederent,
590 3198 673 3266 haec
694 3197 788 3264 addit
809 3199 874 3284 (vs.
897 3200 1003 3284 655.):

610 3354 719 3410 Pariter
741 3359 809 3410 tunc
825 3354 949 3424 undique
966 3353 1035 3409 fusis
1065 3421 1071 3428 ι

361 3445 494 3500 Obruitur
510 3444 585 3514 telis,
602 3442 753 3512 nimboque
770 3445 869 3497 ruente
885 3459 938 3515 per
955 3460 1036 3500 auras

361 3533 520 3602 Conlectus,
537 3531 607 3587 nulli
624 3531 723 3586 dextra
737 3529 843 3602 jactare
860 3529 975 3600 reliquit

361 3621 529 3676 Flaminium
546 3619 679 3675 cecidisse
697 3635 755 3673 sua.

142 3765 183 3830 In
204 3763 315 3850 priore
336 3761 439 3848 igitur
465 3759 664 3826 narrationis
690 3768 785 3845 parte
807 3757 910 3827 Silius
932 3758 1077 3841 Livium,
1099 3758 1133 3822 in
1156 3758 1259 3823 altera

142 3874 252 3932 autem
273 3862 450 3952 Polybium
481 3871 614 3929 secutus
646 3870 712 3946 est,
739 3861 797 3946 qui
828 3861 931 3926 tradit
957 3860 1013 3926 lib.
1041 3865 1076 3943 3,
1104 3882 1175 3946 cap.
1206 3865 1257 3930 84.

94 4005 99 4014 ·
143 3970 171 4054 ἓ.
188 3971 234 4035 6.ι
257 3967 288 4034 ίν
303 3954 326 4057 ᾧ
339 3967 437 4054 καιρῷ
457 3962 514 4033 καί
534 3962 587 4033 τὸν
609 3963 776 4050 Φλαμίνιον
798 3960 893 4030 αὐτὸν
907 3961 1183 4050 δυςχρηστούμενον
1203 3962 1259 4031 καί

144 4072 370 4154 περικακοῦντα
402 4075 467 4146 τοῖς
500 4064 580 4146 ὅλοις
610 4063 825 4150 προςπεσόντες
851 4064 930 4143 τινὲς
956 4071 1015 4134 τῶν
1047 4069 1170 4134 Κελτῶν
1203 4063 1262 4135 ἀπ-

144 4175 289 4241 έκτεινον.
334 4173 387 4238 De
414 4171 534 4256 causis,
556 4168 676 4256 quibus
699 4166 802 4236 Silius
825 4178 1008 4238 commotus
1031 4195 1050 4236 a
1072 4171 1170 4238 Livio
1193 4169 1261 4236 dis-
