3096 4880
867 260 909 324 46

350 449 386 519 (v.
405 448 492 519 495.):
697 449 736 504 At
754 449 883 505 Marsica
896 448 997 518 pubes,
1010 487 1017 502 .
1031 488 1039 502 .
1053 489 1059 502 .
1071 479 1106 489 -

332 545 513 620 sequuntur
536 535 633 622 pauci
654 559 768 602 versus
795 535 916 620 quibus
941 535 1173 602 describuntur
1194 529 1460 603 consuetudines

331 661 505 722 moresque
530 662 654 723 eorum,
679 675 717 688 -

348 759 441 830 (509.):
498 780 502 790 ’
782 759 959 832 conjungitur
976 777 1040 816 acer

483 847 620 918 Pelignus
637 848 786 917 gelidoque
803 849 879 918 rapit
896 849 1026 903 Sulmone
1044 849 1184 917 colones,
1197 885 1285 902 .....

347 936 442 1006 (518.):
565 936 646 990 Haud
664 936 721 990 ullo
740 936 828 991 levior
845 937 926 992 bellis
953 937 1066 993 Vestina
1077 937 1212 1006 juventus

566 1023 685 1094 Agmina
703 1023 838 1078 densauit.

328 1128 401 1213 Qui
431 1128 546 1215 populi
572 1150 709 1215 prorsus
741 1126 856 1218 eodem
882 1128 996 1194 ordine
1027 1127 1116 1216 apud
1142 1129 1285 1194 Ennium
1318 1149 1457 1213 quoque

226 1311 227 1314 Ἴ
331 1240 508 1308 occurrunt
529 1256 559 1296 v.
582 1236 672 1301 280.:

494 1335 587 1389 Marsa
604 1352 711 1404 manus,
729 1333 844 1406 Peligna
862 1336 971 1404 cohors,
988 1335 1106 1391 Vestina
1122 1336 1213 1390 vnum
1230 1334 1280 1389 vis.

330 1439 448 1506 Livius
476 1449 585 1504 autem
612 1440 680 1524 (22.
708 1441 777 1526 36.)
806 1440 926 1526 aliique
954 1441 1138 1526 scriptores
1165 1442 1229 1506 hoo
1260 1441 1334 1505 loco
1367 1437 1455 1504 nihil

331 1543 488 1630 praebent
509 1544 573 1609 nisi
593 1543 719 1608 nudum
740 1566 949 1608 numerorum
969 1542 1136 1612 indicium.
1160 1531 1162 1534 ⁵

416 1651 486 1730 45.,
515 1646 672 1712 Fortasse
699 1646 734 1709 in
760 1645 874 1711 eadem
900 1645 961 1712 hac
989 1647 1158 1732 copiarum
1185 1645 1373 1713 recensione
1394 1645 1453 1709 ille

252 1821 254 1824 ,
332 1773 463 1836 quoque
474 1772 588 1815 versus
594 1748 765 1815 Ennianus
777 1748 947 1835 legebatur
958 1750 1060 1834 (inter
1071 1751 1133 1815 ine.
1145 1749 1212 1817 sed.
1220 1750 1303 1836 frag.
1310 1774 1341 1815 v.
1348 1751 1452 1835 478.):

489 1851 677 1907 Brundusium
695 1853 792 1922 pulcro
810 1853 1002 1921 praecinctum
1019 1857 1152 1924 praepete
1169 1857 1289 1922 portust.

331 1959 521 2045 Sequuntur
536 1957 620 2023 enim
641 1954 730 2042 apud
744 1955 861 2023 Silium
883 1959 1043 2044 plurimae
1066 1959 1147 2024 aliae
1162 1966 1275 2044 gentes
1297 1966 1330 2022 et
1351 1957 1452 2023 urbes

331 2086 415 2147 quae
448 2062 535 2126 cives
570 2083 648 2126 suos
676 2059 719 2123 ad
751 2082 895 2146 pugnam
921 2062 1095 2144 miserunt,
1127 2061 1213 2125 inter
1239 2082 1323 2144 quas
1351 2059 1451 2126 urbes

330 2188 428 2232 versu
449 2167 521 2232 574.
544 2161 715 2228 Brundisii
736 2162 774 2227 fit
794 2164 931 2228 mentio:

527 2267 585 2321 Nec
603 2283 660 2319 non
677 2265 858 2320 Brundisium
876 2284 931 2334 quo
950 2266 1054 2323 desinit
1072 2266 1142 2321 Itala
1159 2266 1251 2320 tellus.

332 2375 397 2440 His
425 2373 527 2459 igitur
555 2371 764 2458 perlustratis
792 2394 992 2457 quamquam
1020 2370 1163 2437 concedo
1198 2372 1232 2436 in
1260 2373 1334 2437 aliis
1366 2372 1450 2438 locis
1538 2387 1539 2396 ³

332 2478 416 2541 iuter
439 2499 473 2541 se
493 2474 702 2560 comparatis,
724 2476 891 2559 majorem,
912 2476 947 2539 in
971 2476 1044 2541 aliis
1065 2476 1223 2540 minorem
1244 2475 1350 2540 inesse
1372 2497 1451 2561 pro-

331 2578 546 2662 babilitatem,
569 2585 720 2644 constare
741 2584 851 2641 tamen
873 2599 988 2644 censeo
1011 2578 1128 2645 Silium
1152 2602 1218 2644 non
1232 2601 1354 2664 paucas
1377 2600 1451 2643 car·
1536 2567 1537 2570 ¹

331 2682 427 2747 minis
450 2682 502 2747 sui
526 2690 636 2768 partes
664 2679 772 2745 Ennio
801 2679 928 2745 debere.
972 2681 1214 2746 Difficillimum
1241 2690 1350 2746 autem
1377 2703 1450 2748 esse
1534 2745 1535 2752 a

330 2786 470 2870 quisque
501 2782 658 2849 concedet
690 2783 725 2847 in
757 2784 900 2850 carmine
927 2782 1053 2851 Siliano
1081 2785 1227 2872 singulos
1261 2805 1449 2849 enumerare

330 2911 444 2954 versus
467 2910 550 2972 quos
572 2885 680 2951 Ennio
703 2886 805 2952 fuisse
828 2887 897 2952 sine
918 2886 1020 2953 dubio
1043 2886 1109 2952 dici
1130 2895 1255 2973 potest3
1278 2888 1341 2954 etsi
1363 2887 1449 2951 enim

329 3015 396 3056 non
418 3000 467 3057 est
490 3011 547 3054 eur
569 2988 756 3055 dubitemus
771 2991 850 3074 quin
866 2989 968 3057 Silius
990 2990 1134 3055 Ennium
1148 2990 1282 3076 plurimi
1297 2991 1449 3056 aestima-

330 3093 415 3158 verit
448 3103 480 3158 et
512 3115 588 3158 cum
620 3093 760 3157 aliorum
793 3093 1014 3178 antiquiorum
1047 3103 1218 3180 poetarum
1251 3103 1321 3157 tum
1348 3093 1450 3158 Ennii

330 3196 538 3284 potissimum
565 3195 668 3262 libros
696 3198 819 3282 majore
851 3220 925 3260 cum
956 3196 1128 3283 diligentia
1155 3206 1188 3261 et
1219 3198 1342 3283 majore
1375 3219 1449 3260 cum

311 3299 443 3366 studio
475 3299 650 3387 perlegerit
683 3322 782 3384 quam
815 3322 926 3364 omnes
958 3300 1063 3385 ipsius
1097 3300 1264 3385 aequales,
1297 3299 1448 3384 plurimis

331 3413 441 3469 tamen
462 3403 544 3467 loeis
567 3402 639 3466 fieri
665 3425 731 3466 non
758 3403 884 3488 potuit,
912 3411 950 3466 ut
972 3425 1086 3468 versus
1108 3401 1278 3468 Ennianos
1301 3401 1447 3487 integros

330 3507 364 3572 in
387 3529 481 3572 suum
504 3527 634 3570 carmen
654 3504 847 3569 transferret
869 3504 981 3587 silius,
1004 3505 1126 3592 quippe
1148 3527 1221 3570 cum
1238 3504 1448 3570 abhorrerent

332 3609 450 3674 aetatis
473 3608 562 3672 illius
584 3607 731 3672 homines
760 3606 801 3672 ab
822 3606 924 3671 Ennii
950 3607 1100 3691 „hirsuta
1122 3606 1298 3675 dictione.“
1342 3607 1447 3672 Acce-

332 3710 381 3775 dit
402 3709 493 3797 quod
519 3710 692 3795 iniquitate
719 3718 904 3795 temporum
929 3733 1113 3797 perpaucae
1134 3717 1262 3774 tantum
1285 3710 1447 3796 amplissi-

331 3835 458 3877 morum
486 3813 652 3878 annalium
684 3812 843 3878 librorum
871 3813 1027 3898 reliquiae
1060 3812 1102 3878 ad
1128 3833 1189 3878 nos
1220 3822 1447 3898 pervenerunt,

330 3915 496 4000 quoniam,
519 3916 644 3982 silicet
665 3916 700 3980 in
721 3937 756 3980 re
778 3916 918 3983 obscura
939 3916 1094 3983 Vahlenii
1108 3917 1330 4001 conjecturam
1344 3916 1446 4000 sequi,

332 4037 443 4081 omnes
465 4040 580 4083 versus
594 4041 812 4106 versuumque
827 4019 1007 4106 particulae
1022 4027 1231 4106 computatae
1245 4018 1303 4082 vix
1313 4019 1445 4106 ,tertiam

330 4127 458 4205 partem
479 4120 576 4187 unius
602 4145 647 4188 ex
669 4120 897 4210 duodeviginti
922 4123 1016 4190 libris
1039 4122 1222 4206 adaequent
1244 4121 1445 4206 (conferatur
