<?xml version="1.0" encoding="UTF-8"?>
<!DOCTYPE html PUBLIC "-//W3C//DTD XHTML 1.0 Transitional//EN"
    "http://www.w3.org/TR/xhtml1/DTD/xhtml1-transitional.dtd">
<html xmlns="http://www.w3.org/1999/xhtml" xml:lang="en" lang="en">
 <head>
  <title>
</title>
<meta http-equiv="Content-Type" content="text/html;charset=utf-8" />
  <meta name='ocr-system' content='tesseract 3.04.00' />
  <meta name='ocr-capabilities' content='ocr_page ocr_carea ocr_par ocr_line ocrx_word'/>
</head>
<body>
  <div class='ocr_page' id='page_1' title='image "./decsiliiitalici00wezegoog_0039.png"; bbox 0 0 3096 4880; ppageno 0'>
   <div class='ocr_carea' id='block_1_1' title="bbox 845 295 887 358">
    <p class='ocr_par' dir='ltr' id='par_1_1' title="bbox 845 295 887 358">
     <span class='ocr_line' id='line_1_1' title="bbox 845 295 887 358; baseline 0 0"><span class='ocrx_word' id='word_1_1' title='bbox 845 295 887 358; x_wconf 84' lang='lat'>34</span> 
     </span>
    </p>
   </div>
   <div class='ocr_carea' id='block_1_2' title="bbox 301 479 1430 1675">
    <p class='ocr_par' dir='ltr' id='par_1_2' title="bbox 389 479 610 564">
     <span class='ocr_line' id='line_1_2' title="bbox 389 479 610 564; baseline -0.009 -20"><span class='ocrx_word' id='word_1_2' title='bbox 389 479 557 564; x_wconf 88' lang='lat' dir='ltr'>Denique:</span> <span class='ocrx_word' id='word_1_3' title='bbox 608 551 610 558; x_wconf 27' lang='lat'><strong>¹</strong></span> 
     </span>
    </p>

    <p class='ocr_par' dir='ltr' id='par_1_3' title="bbox 411 581 1429 668">
     <span class='ocr_line' id='line_1_3' title="bbox 411 581 1429 668; baseline 0.006 -24"><span class='ocrx_word' id='word_1_4' title='bbox 411 583 498 668; x_wconf 81' lang='lat' dir='ltr'>apud</span> <span class='ocrx_word' id='word_1_5' title='bbox 509 581 640 660; x_wconf 78' lang='lat' dir='ltr'>Silium:</span> <span class='ocrx_word' id='word_1_6' title='bbox 654 582 739 647; x_wconf 86' lang='lat' dir='ltr'>Tum</span> <span class='ocrx_word' id='word_1_7' title='bbox 750 604 884 646; x_wconf 88' lang='lat' dir='ltr'>munera</span> <span class='ocrx_word' id='word_1_8' title='bbox 895 584 990 667; x_wconf 88' lang='lat' dir='ltr'>jussa</span> <span class='ocrx_word' id='word_1_9' title='bbox 1001 581 1132 648; x_wconf 85' lang='lat' dir='ltr'>Defessi</span> <span class='ocrx_word' id='word_1_10' title='bbox 1147 584 1406 650; x_wconf 87' lang='lat' dir='ltr'>...accelerant..</span> <span class='ocrx_word' id='word_1_11' title='bbox 1420 637 1429 650; x_wconf 90' lang='lat'><strong>.</strong></span> 
     </span>
    </p>

    <p class='ocr_par' dir='ltr' id='par_1_4' title="bbox 345 683 1430 858">
     <span class='ocr_line' id='line_1_4' title="bbox 410 683 1430 773; baseline 0.004 -25"><span class='ocrx_word' id='word_1_12' title='bbox 410 685 497 771; x_wconf 81' lang='lat' dir='ltr'>opud</span> <span class='ocrx_word' id='word_1_13' title='bbox 539 684 723 769; x_wconf 69' lang='lat' dir='ltr'>Vergilium:</span> <span class='ocrx_word' id='word_1_14' title='bbox 755 684 841 749; x_wconf 88' lang='lat' dir='ltr'>Tum</span> <span class='ocrx_word' id='word_1_15' title='bbox 869 687 963 770; x_wconf 87' lang='lat' dir='ltr'>jussa</span> <span class='ocrx_word' id='word_1_16' title='bbox 996 683 1158 773; x_wconf 81' lang='lat' dir='ltr'>Sibyllae,</span> <span class='ocrx_word' id='word_1_17' title='bbox 1190 685 1303 752; x_wconf 78' lang='lat' dir='ltr'>Haud.</span> <span class='ocrx_word' id='word_1_18' title='bbox 1324 712 1430 773; x_wconf 86' lang='lat' dir='ltr'>mora,</span> 
     </span>
     <span class='ocr_line' id='line_1_5' title="bbox 345 787 549 858; baseline 0 -6"><span class='ocrx_word' id='word_1_19' title='bbox 345 787 549 858; x_wconf 83' lang='lat' dir='ltr'>festinant..</span> 
     </span>
    </p>

    <p class='ocr_par' dir='ltr' id='par_1_5' title="bbox 301 889 1428 1675">
     <span class='ocr_line' id='line_1_6' title="bbox 387 889 1428 983; baseline 0 -27"><span class='ocrx_word' id='word_1_20' title='bbox 387 891 491 956; x_wconf 91' lang='lat' dir='ltr'>Nolui</span> <span class='ocrx_word' id='word_1_21' title='bbox 512 891 576 956; x_wconf 91' lang='lat' dir='ltr'>hoo</span> <span class='ocrx_word' id='word_1_22' title='bbox 598 889 781 974; x_wconf 87' lang='lat' dir='ltr'>exemplum</span> <span class='ocrx_word' id='word_1_23' title='bbox 805 890 955 954; x_wconf 88' lang='lat' dir='ltr'>omittere</span> <span class='ocrx_word' id='word_1_24' title='bbox 978 909 1051 954; x_wconf 90' lang='lat' dir='ltr'>curn</span> <span class='ocrx_word' id='word_1_25' title='bbox 1074 915 1115 955; x_wconf 84' lang='lat' dir='ltr'>ex</span> <span class='ocrx_word' id='word_1_26' title='bbox 1135 915 1172 983; x_wconf 83' lang='lat' dir='ltr'>eo</span> <span class='ocrx_word' id='word_1_27' title='bbox 1196 893 1302 978; x_wconf 88' lang='lat' dir='ltr'>magis</span> <span class='ocrx_word' id='word_1_28' title='bbox 1325 915 1428 977; x_wconf 87' lang='lat' dir='ltr'>quam</span> 
     </span>
     <span class='ocr_line' id='line_1_7' title="bbox 304 990 1428 1080; baseline -0.001 -21"><span class='ocrx_word' id='word_1_29' title='bbox 304 1017 344 1059; x_wconf 85' lang='lat' dir='ltr'>ex</span> <span class='ocrx_word' id='word_1_30' title='bbox 371 995 444 1060; x_wconf 90' lang='lat' dir='ltr'>aliis</span> <span class='ocrx_word' id='word_1_31' title='bbox 472 1001 635 1080; x_wconf 88' lang='lat' dir='ltr'>appareat·</span> <span class='ocrx_word' id='word_1_32' title='bbox 657 990 757 1055; x_wconf 87' lang='lat' dir='ltr'>Ennii</span> <span class='ocrx_word' id='word_1_33' title='bbox 784 992 939 1077; x_wconf 84' lang='lat' dir='ltr'>reliquias</span> <span class='ocrx_word' id='word_1_34' title='bbox 966 993 1000 1056; x_wconf 92' lang='lat' dir='ltr'>in</span> <span class='ocrx_word' id='word_1_35' title='bbox 1026 995 1169 1080; x_wconf 83' lang='lat' dir='ltr'>Vergilii</span> <span class='ocrx_word' id='word_1_36' title='bbox 1195 1017 1325 1080; x_wconf 90' lang='lat' dir='ltr'>quoque</span> <span class='ocrx_word' id='word_1_37' title='bbox 1352 1018 1428 1060; x_wconf 90' lang='lat' dir='ltr'>car-</span> 
     </span>
     <span class='ocr_line' id='line_1_8' title="bbox 302 1092 1427 1184; baseline 0.003 -24"><span class='ocrx_word' id='word_1_38' title='bbox 302 1097 445 1162; x_wconf 87' lang='lat' dir='ltr'>minibus</span> <span class='ocrx_word' id='word_1_39' title='bbox 472 1097 587 1160; x_wconf 89' lang='lat' dir='ltr'>inesse.</span> <span class='ocrx_word' id='word_1_40' title='bbox 633 1093 735 1160; x_wconf 84' lang='lat' dir='ltr'>Silius</span> <span class='ocrx_word' id='word_1_41' title='bbox 762 1103 869 1158; x_wconf 90' lang='lat' dir='ltr'>autem</span> <span class='ocrx_word' id='word_1_42' title='bbox 898 1096 955 1180; x_wconf 91' lang='lat' dir='ltr'>qui</span> <span class='ocrx_word' id='word_1_43' title='bbox 988 1092 1163 1182; x_wconf 76' lang='lat' dir='ltr'>utru‘mque</span> <span class='ocrx_word' id='word_1_44' title='bbox 1190 1107 1321 1183; x_wconf 88' lang='lat' dir='ltr'>poetam</span> <span class='ocrx_word' id='word_1_45' title='bbox 1350 1121 1427 1184; x_wconf 90' lang='lat' dir='ltr'>per-</span> 
     </span>
     <span class='ocr_line' id='line_1_9' title="bbox 302 1190 1426 1282; baseline 0.001 -19"><span class='ocrx_word' id='word_1_46' title='bbox 302 1190 524 1282; x_wconf 61' lang='lat' dir='ltr'>volutareris,</span> <span class='ocrx_word' id='word_1_47' title='bbox 551 1220 625 1262; x_wconf 92' lang='lat' dir='ltr'>curn</span> <span class='ocrx_word' id='word_1_48' title='bbox 651 1197 726 1261; x_wconf 90' lang='lat' dir='ltr'>illos</span> <span class='ocrx_word' id='word_1_49' title='bbox 753 1196 829 1262; x_wconf 92' lang='lat' dir='ltr'>libri</span> <span class='ocrx_word' id='word_1_50' title='bbox 856 1197 974 1262; x_wconf 84' lang='lat' dir='ltr'>decimi</span> <span class='ocrx_word' id='word_1_51' title='bbox 995 1221 1110 1264; x_wconf 88' lang='lat' dir='ltr'>versus</span> <span class='ocrx_word' id='word_1_52' title='bbox 1133 1200 1290 1264; x_wconf 83' lang='lat' dir='ltr'>scriberet</span> <span class='ocrx_word' id='word_1_53' title='bbox 1310 1200 1426 1264; x_wconf 89' lang='lat' dir='ltr'>merni-</span> 
     </span>
     <span class='ocr_line' id='line_1_10' title="bbox 302 1298 1425 1389; baseline 0 -23"><span class='ocrx_word' id='word_1_54' title='bbox 302 1310 395 1366; x_wconf 89' lang='lat' dir='ltr'>nerat</span> <span class='ocrx_word' id='word_1_55' title='bbox 417 1310 507 1365; x_wconf 89' lang='lat' dir='ltr'>certo</span> <span class='ocrx_word' id='word_1_56' title='bbox 531 1309 563 1363; x_wconf 83' lang='lat' dir='ltr'>et</span> <span class='ocrx_word' id='word_1_57' title='bbox 578 1299 720 1385; x_wconf 83' lang='lat' dir='ltr'>Vergilii</span> <span class='ocrx_word' id='word_1_58' title='bbox 744 1308 776 1362; x_wconf 86' lang='lat' dir='ltr'>et</span> <span class='ocrx_word' id='word_1_59' title='bbox 798 1298 898 1363; x_wconf 85' lang='lat' dir='ltr'>Ennii</span> <span class='ocrx_word' id='word_1_60' title='bbox 920 1323 1088 1380; x_wconf 81' lang='lat' dir='ltr'>versuum3</span> <span class='ocrx_word' id='word_1_61' title='bbox 1111 1301 1222 1385; x_wconf 87' lang='lat' dir='ltr'>itaque</span> <span class='ocrx_word' id='word_1_62' title='bbox 1236 1303 1425 1389; x_wconf 85' lang='lat' dir='ltr'>Vergilium</span> 
     </span>
     <span class='ocr_line' id='line_1_11' title="bbox 304 1403 1425 1491; baseline -0.001 -21"><span class='ocrx_word' id='word_1_63' title='bbox 304 1406 410 1470; x_wconf 90' lang='lat' dir='ltr'>solum</span> <span class='ocrx_word' id='word_1_64' title='bbox 432 1403 495 1469; x_wconf 90' lang='lat' dir='ltr'>hoc</span> <span class='ocrx_word' id='word_1_65' title='bbox 517 1404 590 1468; x_wconf 92' lang='lat' dir='ltr'>loco</span> <span class='ocrx_word' id='word_1_66' title='bbox 615 1425 688 1466; x_wconf 90' lang='lat' dir='ltr'>eum</span> <span class='ocrx_word' id='word_1_67' title='bbox 714 1424 786 1467; x_wconf 89' lang='lat' dir='ltr'>esse</span> <span class='ocrx_word' id='word_1_68' title='bbox 800 1411 957 1468; x_wconf 83' lang='lat' dir='ltr'>secutum</span> <span class='ocrx_word' id='word_1_69' title='bbox 984 1403 1086 1469; x_wconf 89' lang='lat' dir='ltr'>nolim</span> <span class='ocrx_word' id='word_1_70' title='bbox 1107 1413 1239 1491; x_wconf 84' lang='lat' dir='ltr'>putare3</span> <span class='ocrx_word' id='word_1_71' title='bbox 1261 1405 1359 1470; x_wconf 91' lang='lat' dir='ltr'>immo</span> <span class='ocrx_word' id='word_1_72' title='bbox 1384 1429 1425 1469; x_wconf 88' lang='lat' dir='ltr'>ea</span> 
     </span>
     <span class='ocr_line' id='line_1_12' title="bbox 301 1505 1426 1593; baseline 0 -22"><span class='ocrx_word' id='word_1_73' title='bbox 301 1505 385 1592; x_wconf 74' lang='lat' dir='ltr'>quae</span> <span class='ocrx_word' id='word_1_74' title='bbox 406 1507 548 1570; x_wconf 87' lang='lat' dir='ltr'>maxime</span> <span class='ocrx_word' id='word_1_75' title='bbox 570 1505 633 1571; x_wconf 91' lang='lat' dir='ltr'>sibi</span> <span class='ocrx_word' id='word_1_76' title='bbox 655 1505 822 1590; x_wconf 77' lang='lat' dir='ltr'>placerent</span> <span class='ocrx_word' id='word_1_77' title='bbox 844 1517 884 1569; x_wconf 80' lang='lat' dir='ltr'>er&#39;r</span> <span class='ocrx_word' id='word_1_78' title='bbox 906 1514 1047 1589; x_wconf 88' lang='lat' dir='ltr'>utroque</span> <span class='ocrx_word' id='word_1_79' title='bbox 1062 1506 1211 1573; x_wconf 88' lang='lat' dir='ltr'>hausisse</span> <span class='ocrx_word' id='word_1_80' title='bbox 1233 1516 1330 1593; x_wconf 88' lang='lat' dir='ltr'>poeta</span> <span class='ocrx_word' id='word_1_81' title='bbox 1352 1529 1426 1571; x_wconf 87' lang='lat' dir='ltr'>cre-</span> 
     </span>
     <span class='ocr_line' id='line_1_13' title="bbox 302 1605 1425 1675; baseline 0 -2"><span class='ocrx_word' id='word_1_82' title='bbox 302 1609 402 1674; x_wconf 91' lang='lat' dir='ltr'>dibile</span> <span class='ocrx_word' id='word_1_83' title='bbox 425 1618 484 1675; x_wconf 88' lang='lat' dir='ltr'>est.</span> <span class='ocrx_word' id='word_1_84' title='bbox 529 1609 625 1674; x_wconf 87' lang='lat' dir='ltr'>Licet</span> <span class='ocrx_word' id='word_1_85' title='bbox 639 1609 780 1673; x_wconf 84' lang='lat' dir='ltr'>fortasse</span> <span class='ocrx_word' id='word_1_86' title='bbox 802 1605 835 1672; x_wconf 90' lang='lat' dir='ltr'>in</span> <span class='ocrx_word' id='word_1_87' title='bbox 851 1609 1052 1672; x_wconf 76' lang='lat' dir='ltr'>consortium</span> <span class='ocrx_word' id='word_1_88' title='bbox 1074 1610 1205 1674; x_wconf 92' lang='lat' dir='ltr'>illorum</span> <span class='ocrx_word' id='word_1_89' title='bbox 1227 1609 1327 1674; x_wconf 87' lang='lat' dir='ltr'>Ennii</span> <span class='ocrx_word' id='word_1_90' title='bbox 1348 1633 1425 1674; x_wconf 84' lang='lat' dir='ltr'>ver-</span> 
     </span>
    </p>
   </div>
   <div class='ocr_carea' id='block_1_3' title="bbox 301 1709 1066 1885">
    <p class='ocr_par' dir='ltr' id='par_1_6' title="bbox 301 1709 1066 1885">
     <span class='ocr_line' id='line_1_14' title="bbox 301 1709 1066 1798; baseline -0.003 -20"><span class='ocrx_word' id='word_1_91' title='bbox 301 1737 396 1780; x_wconf 89' lang='lat' dir='ltr'>suum</span> <span class='ocrx_word' id='word_1_92' title='bbox 418 1735 459 1776; x_wconf 87' lang='lat' dir='ltr'>ex</span> <span class='ocrx_word' id='word_1_93' title='bbox 480 1712 614 1777; x_wconf 89' lang='lat' dir='ltr'>incertis</span> <span class='ocrx_word' id='word_1_94' title='bbox 635 1711 827 1798; x_wconf 81' lang='lat' dir='ltr'>fragmentis</span> <span class='ocrx_word' id='word_1_95' title='bbox 849 1709 910 1776; x_wconf 91' lang='lat' dir='ltr'>hos</span> <span class='ocrx_word' id='word_1_96' title='bbox 933 1709 1066 1776; x_wconf 87' lang='lat' dir='ltr'>addere:</span> 
     </span>
     <span class='ocr_line' id='line_1_15' title="bbox 317 1811 1001 1885; baseline -0.006 -13"><span class='ocrx_word' id='word_1_97' title='bbox 317 1837 343 1872; x_wconf 85' lang='lat' dir='ltr'>v.</span> <span class='ocrx_word' id='word_1_98' title='bbox 362 1817 427 1873; x_wconf 78' lang='lat'>562:</span> <span class='ocrx_word' id='word_1_99' title='bbox 594 1811 596 1816; x_wconf 76' lang='grc'><strong>’</strong></span> <span class='ocrx_word' id='word_1_100' title='bbox 739 1815 860 1885; x_wconf 86' lang='lat' dir='ltr'>populea</span> <span class='ocrx_word' id='word_1_101' title='bbox 876 1813 935 1868; x_wconf 83' lang='lat' dir='ltr'>irus</span> <span class='ocrx_word' id='word_1_102' title='bbox 945 1853 951 1866; x_wconf 91' lang='lat'><strong>.</strong></span> <span class='ocrx_word' id='word_1_103' title='bbox 963 1854 969 1867; x_wconf 90' lang='lat'><strong>.</strong></span> <span class='ocrx_word' id='word_1_104' title='bbox 980 1855 1001 1868; x_wconf 93' lang='lat'>..</span> 
     </span>
    </p>
   </div>
   <div class='ocr_carea' id='block_1_4' title="bbox 295 1887 1425 3292">
    <p class='ocr_par' dir='ltr' id='par_1_7' title="bbox 295 1887 1425 3292">
     <span class='ocr_line' id='line_1_16' title="bbox 299 1887 1315 1990; baseline -0.001 -22"><span class='ocrx_word' id='word_1_105' title='bbox 299 1903 404 1990; x_wconf 90' lang='lat' dir='ltr'>(apud</span> <span class='ocrx_word' id='word_1_106' title='bbox 427 1903 560 1969; x_wconf 88' lang='lat' dir='ltr'>Silium:</span> <span class='ocrx_word' id='word_1_107' title='bbox 582 1903 725 1988; x_wconf 93' lang='lat' dir='ltr'>populus</span> <span class='ocrx_word' id='word_1_108' title='bbox 748 1901 840 1966; x_wconf 85' lang='lat' dir='ltr'>albae</span> <span class='ocrx_word' id='word_1_109' title='bbox 863 1903 1006 1987; x_wconf 89' lang='lat' dir='ltr'>comae);</span> <span class='ocrx_word' id='word_1_110' title='bbox 1030 1909 1062 1966; x_wconf 92' lang='lat' dir='ltr'>et</span> <span class='ocrx_word' id='word_1_111' title='bbox 1084 1911 1215 1990; x_wconf 85' lang='lat' dir='ltr'>versu‘m</span> <span class='ocrx_word' id='word_1_112' title='bbox 1236 1887 1315 1972; x_wconf 79' lang='lat'><strong>2&#39;67:</strong></span> 
     </span>
     <span class='ocr_line' id='line_1_17' title="bbox 501 2005 776 2075; baseline 0 -17"><span class='ocrx_word' id='word_1_113' title='bbox 501 2005 633 2073; x_wconf 87' lang='lat' dir='ltr'>longique</span> <span class='ocrx_word' id='word_1_114' title='bbox 651 2005 776 2075; x_wconf 85' lang='lat' dir='ltr'>cupressi</span> 
     </span>
     <span class='ocr_line' id='line_1_18' title="bbox 502 2091 1203 2164; baseline 0.003 -20"><span class='ocrx_word' id='word_1_115' title='bbox 502 2091 583 2146; x_wconf 88' lang='lat' dir='ltr'>Stant</span> <span class='ocrx_word' id='word_1_116' title='bbox 599 2092 683 2145; x_wconf 89' lang='lat' dir='ltr'>rectis</span> <span class='ocrx_word' id='word_1_117' title='bbox 701 2092 776 2146; x_wconf 86' lang='lat' dir='ltr'>foliis</span> <span class='ocrx_word' id='word_1_118' title='bbox 795 2097 824 2146; x_wconf 85' lang='lat' dir='ltr'>et</span> <span class='ocrx_word' id='word_1_119' title='bbox 841 2108 935 2146; x_wconf 86' lang='lat' dir='ltr'>amaro</span> <span class='ocrx_word' id='word_1_120' title='bbox 955 2107 1072 2160; x_wconf 84' lang='lat' dir='ltr'>corpore</span> <span class='ocrx_word' id='word_1_121' title='bbox 1089 2093 1203 2164; x_wconf 87' lang='lat' dir='ltr'>buxum,</span> 
     </span>
     <span class='ocr_line' id='line_1_19' title="bbox 298 2177 1425 2269; baseline 0.002 -23"><span class='ocrx_word' id='word_1_122' title='bbox 298 2179 404 2269; x_wconf 84' lang='lat' dir='ltr'>(apud</span> <span class='ocrx_word' id='word_1_123' title='bbox 425 2179 557 2246; x_wconf 87' lang='lat' dir='ltr'>Silium:</span> <span class='ocrx_word' id='word_1_124' title='bbox 583 2186 725 2245; x_wconf 89' lang='lat' dir='ltr'>maestas</span> <span class='ocrx_word' id='word_1_125' title='bbox 754 2177 796 2242; x_wconf 87' lang='lat' dir='ltr'>ad</span> <span class='ocrx_word' id='word_1_126' title='bbox 822 2178 924 2252; x_wconf 63' lang='lat' dir='ltr'>busta,</span> <span class='ocrx_word' id='word_1_127' title='bbox 951 2201 1139 2265; x_wconf 79' lang='lat' dir='ltr'>cupressos3</span> <span class='ocrx_word' id='word_1_128' title='bbox 1166 2190 1307 2266; x_wconf 87' lang='lat' dir='ltr'>utraque</span> <span class='ocrx_word' id='word_1_129' title='bbox 1334 2184 1425 2248; x_wconf 88' lang='lat' dir='ltr'>enirn</span> 
     </span>
     <span class='ocr_line' id='line_1_20' title="bbox 298 2275 1424 2370; baseline 0.002 -20"><span class='ocrx_word' id='word_1_130' title='bbox 298 2285 396 2350; x_wconf 88' lang='lat' dir='ltr'>arbor</span> <span class='ocrx_word' id='word_1_131' title='bbox 419 2279 508 2368; x_wconf 90' lang='lat' dir='ltr'>apud</span> <span class='ocrx_word' id='word_1_132' title='bbox 529 2280 715 2366; x_wconf 83' lang='lat' dir='ltr'>Vergilium</span> <span class='ocrx_word' id='word_1_133' title='bbox 729 2303 794 2344; x_wconf 92' lang='lat' dir='ltr'>non</span> <span class='ocrx_word' id='word_1_134' title='bbox 812 2275 960 2367; x_wconf 86' lang='lat' dir='ltr'>legitur.)</span> <span class='ocrx_word' id='word_1_135' title='bbox 1003 2281 1131 2348; x_wconf 80' lang='lat' dir='ltr'>Ennius</span> <span class='ocrx_word' id='word_1_136' title='bbox 1153 2284 1257 2370; x_wconf 89' lang='lat' dir='ltr'>igitur</span> <span class='ocrx_word' id='word_1_137' title='bbox 1278 2287 1424 2352; x_wconf 85' lang='lat' dir='ltr'>fortasse</span> 
     </span>
     <span class='ocr_line' id='line_1_21' title="bbox 298 2380 1421 2468; baseline 0.001 -17"><span class='ocrx_word' id='word_1_138' title='bbox 298 2389 384 2451; x_wconf 86' lang='lat' dir='ltr'>inter</span> <span class='ocrx_word' id='word_1_139' title='bbox 406 2384 480 2449; x_wconf 91' lang='lat' dir='ltr'>illos</span> <span class='ocrx_word' id='word_1_140' title='bbox 503 2390 677 2468; x_wconf 79' lang='lat' dir='ltr'>„auctores</span> <span class='ocrx_word' id='word_1_141' title='bbox 693 2380 875 2466; x_wconf 79' lang='lat' dir='ltr'>quosdam“</span> <span class='ocrx_word' id='word_1_142' title='bbox 891 2383 964 2468; x_wconf 82' lang='lat' dir='ltr'>fuit,</span> <span class='ocrx_word' id='word_1_143' title='bbox 987 2407 1070 2468; x_wconf 89' lang='lat' dir='ltr'>quos</span> <span class='ocrx_word' id='word_1_144' title='bbox 1093 2385 1210 2452; x_wconf 84' lang='lat' dir='ltr'>Livius</span> <span class='ocrx_word' id='word_1_145' title='bbox 1225 2387 1329 2453; x_wconf 89' lang='lat' dir='ltr'>tradit</span> <span class='ocrx_word' id='word_1_146' title='bbox 1342 2413 1421 2454; x_wconf 90' lang='lat' dir='ltr'>nar-</span> 
     </span>
     <span class='ocr_line' id='line_1_22' title="bbox 298 2485 1176 2572; baseline 0.002 -20"><span class='ocrx_word' id='word_1_147' title='bbox 298 2511 389 2555; x_wconf 88' lang='lat' dir='ltr'>rasse</span> <span class='ocrx_word' id='word_1_148' title='bbox 412 2487 582 2560; x_wconf 47' lang='lat' dir='ltr'>consulem,</span> <span class='ocrx_word' id='word_1_149' title='bbox 601 2485 822 2570; x_wconf 89' lang='lat' dir='ltr'>conquisitum</span> <span class='ocrx_word' id='word_1_150' title='bbox 845 2487 1074 2572; x_wconf 75' lang='lat' dir='ltr'>sepultumque</span> <span class='ocrx_word' id='word_1_151' title='bbox 1096 2511 1176 2555; x_wconf 87' lang='lat' dir='ltr'>esse.</span> 
     </span>
     <span class='ocr_line' id='line_1_23' title="bbox 326 2581 1418 2677; baseline 0.005 -24"><span class='ocrx_word' id='word_1_152' title='bbox 326 2607 329 2616; x_wconf 61' lang='lat'>¹</span> <span class='ocrx_word' id='word_1_153' title='bbox 382 2593 449 2673; x_wconf 60' lang='lat'>21„</span> <span class='ocrx_word' id='word_1_154' title='bbox 470 2588 718 2674; x_wconf 84' lang='lat' dir='ltr'>Rempublicam</span> <span class='ocrx_word' id='word_1_155' title='bbox 740 2588 921 2655; x_wconf 87' lang='lat' dir='ltr'>Romanam</span> <span class='ocrx_word' id='word_1_156' title='bbox 944 2581 1089 2677; x_wconf 76' lang='lat' dir='ltr'>grariter</span> <span class='ocrx_word' id='word_1_157' title='bbox 1116 2591 1271 2658; x_wconf 88' lang='lat' dir='ltr'>afflictam</span> <span class='ocrx_word' id='word_1_158' title='bbox 1293 2593 1418 2659; x_wconf 87' lang='lat' dir='ltr'>Fabius</span> 
     </span>
     <span class='ocr_line' id='line_1_24' title="bbox 297 2678 1417 2781; baseline 0.004 -23"><span class='ocrx_word' id='word_1_159' title='bbox 297 2678 482 2760; x_wconf 83' lang='lat' dir='ltr'>cunctando</span> <span class='ocrx_word' id='word_1_160' title='bbox 505 2691 660 2756; x_wconf 89' lang='lat' dir='ltr'>restituit.</span> <span class='ocrx_word' id='word_1_161' title='bbox 704 2691 871 2766; x_wconf 89' lang='lat' dir='ltr'>Hannibal</span> <span class='ocrx_word' id='word_1_162' title='bbox 899 2701 1007 2757; x_wconf 89' lang='lat' dir='ltr'>autem</span> <span class='ocrx_word' id='word_1_163' title='bbox 1033 2693 1083 2768; x_wconf 82' lang='lat' dir='ltr'>ira</span> <span class='ocrx_word' id='word_1_164' title='bbox 1108 2694 1259 2760; x_wconf 91' lang='lat' dir='ltr'>incensus</span> <span class='ocrx_word' id='word_1_165' title='bbox 1282 2699 1360 2781; x_wconf 88' lang='lat' dir='ltr'>quia</span> <span class='ocrx_word' id='word_1_166' title='bbox 1382 2697 1417 2762; x_wconf 87' lang='lat' dir='ltr'>se</span> 
     </span>
     <span class='ocr_line' id='line_1_25' title="bbox 296 2793 1415 2881; baseline 0.004 -20"><span class='ocrx_word' id='word_1_167' title='bbox 296 2796 459 2861; x_wconf 88' lang='lat' dir='ltr'>ludificari</span> <span class='ocrx_word' id='word_1_168' title='bbox 489 2820 507 2860; x_wconf 88' lang='lat' dir='ltr'>a</span> <span class='ocrx_word' id='word_1_169' title='bbox 535 2794 639 2859; x_wconf 81' lang='lat' dir='ltr'>Fabio</span> <span class='ocrx_word' id='word_1_170' title='bbox 667 2793 823 2880; x_wconf 89' lang='lat' dir='ltr'>intelligit</span> <span class='ocrx_word' id='word_1_171' title='bbox 850 2817 947 2881; x_wconf 91' lang='lat' dir='ltr'>agros</span> <span class='ocrx_word' id='word_1_172' title='bbox 973 2803 1083 2861; x_wconf 85' lang='lat' dir='ltr'>vastat</span> <span class='ocrx_word' id='word_1_173' title='bbox 1102 2805 1147 2868; x_wconf 79' lang='lat' dir='ltr'>¹ut</span> <span class='ocrx_word' id='word_1_174' title='bbox 1173 2796 1340 2866; x_wconf 86' lang='lat' dir='ltr'>Romanos</span> <span class='ocrx_word' id='word_1_175' title='bbox 1373 2801 1415 2865; x_wconf 90' lang='lat' dir='ltr'>ad</span> 
     </span>
     <span class='ocr_line' id='line_1_26' title="bbox 295 2896 1414 2986; baseline 0.004 -24"><span class='ocrx_word' id='word_1_176' title='bbox 295 2896 508 2986; x_wconf 86' lang='lat' dir='ltr'>pugnandum</span> <span class='ocrx_word' id='word_1_177' title='bbox 522 2897 672 2962; x_wconf 87' lang='lat' dir='ltr'>lacessat.</span> <span class='ocrx_word' id='word_1_178' title='bbox 709 2896 862 2962; x_wconf 92' lang='lat' dir='ltr'>Necnon</span> <span class='ocrx_word' id='word_1_179' title='bbox 877 2921 989 2962; x_wconf 89' lang='lat' dir='ltr'>revera</span> <span class='ocrx_word' id='word_1_180' title='bbox 1004 2898 1038 2963; x_wconf 91' lang='lat' dir='ltr'>in</span> <span class='ocrx_word' id='word_1_181' title='bbox 1060 2900 1178 2965; x_wconf 88' lang='lat' dir='ltr'>castris</span> <span class='ocrx_word' id='word_1_182' title='bbox 1192 2899 1414 2968; x_wconf 88' lang='lat' dir='ltr'>Romanorum</span> 
     </span>
     <span class='ocr_line' id='line_1_27' title="bbox 297 2992 1416 3091; baseline 0.004 -24"><span class='ocrx_word' id='word_1_183' title='bbox 297 3001 415 3068; x_wconf 89' lang='lat' dir='ltr'>seditio</span> <span class='ocrx_word' id='word_1_184' title='bbox 444 3009 516 3066; x_wconf 89' lang='lat' dir='ltr'>orta</span> <span class='ocrx_word' id='word_1_185' title='bbox 542 3008 613 3064; x_wconf 89' lang='lat' dir='ltr'>erat</span> <span class='ocrx_word' id='word_1_186' title='bbox 640 3022 737 3084; x_wconf 88' lang='lat' dir='ltr'>quam</span> <span class='ocrx_word' id='word_1_187' title='bbox 764 2999 888 3064; x_wconf 83' lang='lat' dir='ltr'>Fabius</span> <span class='ocrx_word' id='word_1_188' title='bbox 917 3001 1010 3067; x_wconf 86' lang='lat' dir='ltr'>sedat</span> <span class='ocrx_word' id='word_1_189' title='bbox 1037 2995 1185 3067; x_wconf 89' lang='lat' dir='ltr'>oratione</span> <span class='ocrx_word' id='word_1_190' title='bbox 1213 2992 1327 3069; x_wconf 87' lang='lat' dir='ltr'>liabita</span> <span class='ocrx_word' id='word_1_191' title='bbox 1350 3030 1416 3091; x_wconf 91' lang='lat' dir='ltr'>qua</span> 
     </span>
     <span class='ocr_line' id='line_1_28' title="bbox 296 3102 1416 3190; baseline 0.007 -24"><span class='ocrx_word' id='word_1_192' title='bbox 296 3104 529 3190; x_wconf 86' lang='lat' dir='ltr'>rempublicam</span> <span class='ocrx_word' id='word_1_193' title='bbox 558 3103 598 3168; x_wconf 89' lang='lat' dir='ltr'>ab</span> <span class='ocrx_word' id='word_1_194' title='bbox 628 3102 764 3166; x_wconf 88' lang='lat' dir='ltr'>interitu</span> <span class='ocrx_word' id='word_1_195' title='bbox 788 3127 854 3168; x_wconf 91' lang='lat' dir='ltr'>non</span> <span class='ocrx_word' id='word_1_196' title='bbox 883 3127 980 3190; x_wconf 91' lang='lat' dir='ltr'>posse</span> <span class='ocrx_word' id='word_1_197' title='bbox 1002 3104 1162 3170; x_wconf 84' lang='lat' dir='ltr'>vindicari</span> <span class='ocrx_word' id='word_1_198' title='bbox 1184 3108 1329 3173; x_wconf 89' lang='lat' dir='ltr'>ostendit</span> <span class='ocrx_word' id='word_1_199' title='bbox 1351 3110 1416 3174; x_wconf 89' lang='lat' dir='ltr'>nisi</span> 
     </span>
     <span class='ocr_line' id='line_1_29' title="bbox 296 3205 1414 3292; baseline 0.005 -22"><span class='ocrx_word' id='word_1_200' title='bbox 296 3207 550 3292; x_wconf 88' lang='lat' dir='ltr'>prudentissima</span> <span class='ocrx_word' id='word_1_201' title='bbox 573 3214 605 3270; x_wconf 91' lang='lat' dir='ltr'>et</span> <span class='ocrx_word' id='word_1_202' title='bbox 628 3213 725 3270; x_wconf 88' lang='lat' dir='ltr'>cauta</span> <span class='ocrx_word' id='word_1_203' title='bbox 746 3205 824 3270; x_wconf 88' lang='lat' dir='ltr'>belli</span> <span class='ocrx_word' id='word_1_204' title='bbox 846 3206 981 3292; x_wconf 87' lang='lat' dir='ltr'>gerendi</span> <span class='ocrx_word' id='word_1_205' title='bbox 1004 3207 1139 3273; x_wconf 88' lang='lat' dir='ltr'>ratione.</span> <span class='ocrx_word' id='word_1_206' title='bbox 1186 3207 1262 3292; x_wconf 81' lang='lat' dir='ltr'>Qua</span> <span class='ocrx_word' id='word_1_207' title='bbox 1284 3211 1318 3275; x_wconf 93' lang='lat' dir='ltr'>in</span> <span class='ocrx_word' id='word_1_208' title='bbox 1340 3235 1414 3276; x_wconf 89' lang='lat' dir='ltr'>ora-</span> 
     </span>
    </p>
   </div>
   <div class='ocr_carea' id='block_1_5' title="bbox 293 3299 1259 3920">
    <p class='ocr_par' dir='ltr' id='par_1_8' title="bbox 293 3299 1259 3920">
     <span class='ocr_line' id='line_1_30' title="bbox 293 3299 1021 3394; baseline -0.005 -19"><span class='ocrx_word' id='word_1_209' title='bbox 293 3310 384 3375; x_wconf 90' lang='lat' dir='ltr'>tione</span> <span class='ocrx_word' id='word_1_210' title='bbox 406 3307 495 3394; x_wconf 90' lang='lat' dir='ltr'>apud</span> <span class='ocrx_word' id='word_1_211' title='bbox 517 3308 635 3378; x_wconf 82' lang='lat' dir='ltr'>Silium</span> <span class='ocrx_word' id='word_1_212' title='bbox 656 3307 692 3370; x_wconf 92' lang='lat' dir='ltr'>hi</span> <span class='ocrx_word' id='word_1_213' title='bbox 714 3307 868 3394; x_wconf 91' lang='lat' dir='ltr'>leguntur</span> <span class='ocrx_word' id='word_1_214' title='bbox 890 3299 1021 3374; x_wconf 65' lang='lat' dir='ltr'>versus}</span> 
     </span>
     <span class='ocr_line' id='line_1_31' title="bbox 307 3407 1191 3482; baseline 0 -14"><span class='ocrx_word' id='word_1_215' title='bbox 307 3407 347 3482; x_wconf 72' lang='lat' dir='ltr'>ll.</span> <span class='ocrx_word' id='word_1_216' title='bbox 363 3411 452 3481; x_wconf 74' lang='lat'><strong>233.)&#39;</strong></span> <span class='ocrx_word' id='word_1_217' title='bbox 540 3411 602 3465; x_wconf 88' lang='lat' dir='ltr'>Una</span> <span class='ocrx_word' id='word_1_218' title='bbox 618 3413 651 3464; x_wconf 86' lang='lat' dir='ltr'>ut</span> <span class='ocrx_word' id='word_1_219' title='bbox 669 3410 791 3464; x_wconf 87' lang='lat' dir='ltr'>debellet</span> <span class='ocrx_word' id='word_1_220' title='bbox 808 3411 875 3464; x_wconf 87' lang='lat' dir='ltr'>satis</span> <span class='ocrx_word' id='word_1_221' title='bbox 894 3416 937 3465; x_wconf 87' lang='lat' dir='ltr'>est</span> <span class='ocrx_word' id='word_1_222' title='bbox 954 3411 1072 3466; x_wconf 89' lang='lat' dir='ltr'>victoria</span> <span class='ocrx_word' id='word_1_223' title='bbox 1089 3413 1191 3468; x_wconf 91' lang='lat' dir='ltr'>Poeno.</span> 
     </span>
     <span class='ocr_line' id='line_1_32' title="bbox 312 3499 1031 3571; baseline -0.007 -14"><span class='ocrx_word' id='word_1_224' title='bbox 312 3501 392 3571; x_wconf 77' lang='lat'><strong>(237.)</strong></span> <span class='ocrx_word' id='word_1_225' title='bbox 843 3515 898 3552; x_wconf 84' lang='lat' dir='ltr'>una</span> <span class='ocrx_word' id='word_1_226' title='bbox 915 3499 1031 3552; x_wconf 88' lang='lat' dir='ltr'>reclusis</span> 
     </span>
     <span class='ocr_line' id='line_1_33' title="bbox 366 3583 1210 3654; baseline 0.007 -17"><span class='ocrx_word' id='word_1_227' title='bbox 366 3585 368 3590; x_wconf 80' lang='grc'>’</span> <span class='ocrx_word' id='word_1_228' title='bbox 390 3627 392 3633; x_wconf 70' lang='grc'>,</span> <span class='ocrx_word' id='word_1_229' title='bbox 429 3629 431 3636; x_wconf 97' lang='grc'>.</span> <span class='ocrx_word' id='word_1_230' title='bbox 497 3585 599 3639; x_wconf 89' lang='lat' dir='ltr'>Omnes</span> <span class='ocrx_word' id='word_1_231' title='bbox 614 3586 673 3654; x_wconf 84' lang='lat' dir='ltr'>jam</span> <span class='ocrx_word' id='word_1_232' title='bbox 690 3583 780 3654; x_wconf 86' lang='lat' dir='ltr'>portis</span> <span class='ocrx_word' id='word_1_233' title='bbox 798 3584 827 3637; x_wconf 89' lang='lat' dir='ltr'>in</span> <span class='ocrx_word' id='word_1_234' title='bbox 839 3602 968 3654; x_wconf 88' lang='lat' dir='ltr'>campum</span> <span class='ocrx_word' id='word_1_235' title='bbox 986 3585 1116 3641; x_wconf 89' lang='lat' dir='ltr'>effuderit</span> <span class='ocrx_word' id='word_1_236' title='bbox 1132 3588 1210 3643; x_wconf 89' lang='lat' dir='ltr'>hora.</span> 
     </span>
     <span class='ocr_line' id='line_1_34' title="bbox 312 3671 1133 3746; baseline -0.002 -15"><span class='ocrx_word' id='word_1_237' title='bbox 312 3677 392 3746; x_wconf 77' lang='lat'>(241.)</span> <span class='ocrx_word' id='word_1_238' title='bbox 445 3675 586 3728; x_wconf 88' lang='lat' dir='ltr'>Fortunae</span> <span class='ocrx_word' id='word_1_239' title='bbox 604 3672 689 3740; x_wconf 90' lang='lat' dir='ltr'>Libys</span> <span class='ocrx_word' id='word_1_240' title='bbox 708 3671 852 3739; x_wconf 88' lang='lat' dir='ltr'>incumbit,</span> <span class='ocrx_word' id='word_1_241' title='bbox 870 3672 993 3741; x_wconf 87' lang='lat' dir='ltr'>flatuque</span> <span class='ocrx_word' id='word_1_242' title='bbox 1011 3675 1133 3729; x_wconf 88' lang='lat' dir='ltr'>secundo</span> 
     </span>
     <span class='ocr_line' id='line_1_35' title="bbox 445 3759 1259 3836; baseline 0.004 -20"><span class='ocrx_word' id='word_1_243' title='bbox 445 3761 522 3816; x_wconf 88' lang='lat' dir='ltr'>Fidit</span> <span class='ocrx_word' id='word_1_244' title='bbox 539 3777 624 3836; x_wconf 82' lang='lat' dir='ltr'>agens</span> <span class='ocrx_word' id='word_1_245' title='bbox 641 3759 777 3830; x_wconf 88' lang='lat' dir='ltr'>puppim.</span> <span class='ocrx_word' id='word_1_246' title='bbox 792 3801 798 3813; x_wconf 86' lang='lat'><strong>.</strong></span> <span class='ocrx_word' id='word_1_247' title='bbox 812 3801 818 3814; x_wconf 92' lang='lat'><strong>.</strong></span> <span class='ocrx_word' id='word_1_248' title='bbox 831 3803 837 3816; x_wconf 91' lang='lat'>.</span> <span class='ocrx_word' id='word_1_249' title='bbox 851 3760 887 3830; x_wconf 83' lang='lat' dir='ltr'>(v.</span> <span class='ocrx_word' id='word_1_250' title='bbox 900 3761 970 3831; x_wconf 80' lang='lat'><strong>245.)</strong></span> <span class='ocrx_word' id='word_1_251' title='bbox 988 3761 1052 3817; x_wconf 87' lang='lat' dir='ltr'>Non</span> <span class='ocrx_word' id='word_1_252' title='bbox 1069 3762 1126 3818; x_wconf 88' lang='lat' dir='ltr'>ulla</span> <span class='ocrx_word' id='word_1_253' title='bbox 1142 3765 1259 3832; x_wconf 89' lang='lat' dir='ltr'>perenni</span> 
     </span>
     <span class='ocr_line' id='line_1_36' title="bbox 445 3847 827 3920; baseline -0.008 -16"><span class='ocrx_word' id='word_1_254' title='bbox 445 3850 584 3920; x_wconf 89' lang='lat' dir='ltr'>Amplexu</span> <span class='ocrx_word' id='word_1_255' title='bbox 602 3847 726 3902; x_wconf 86' lang='lat' dir='ltr'>Fortuna</span> <span class='ocrx_word' id='word_1_256' title='bbox 742 3847 827 3902; x_wconf 81' lang='lat' dir='ltr'>fovet.</span> 
     </span>
    </p>
   </div>
   <div class='ocr_carea' id='block_1_6' title="bbox 296 3953 1411 4046">
    <p class='ocr_par' dir='ltr' id='par_1_9' title="bbox 296 3953 1411 4046">
     <span class='ocr_line' id='line_1_37' title="bbox 296 3953 1411 4046; baseline 0.004 -24"><span class='ocrx_word' id='word_1_257' title='bbox 296 3956 503 4039; x_wconf 80' lang='lat' dir='ltr'>Quibuscum</span> <span class='ocrx_word' id='word_1_258' title='bbox 518 3953 668 4024; x_wconf 85' lang='lat' dir='ltr'>versibus</span> <span class='ocrx_word' id='word_1_259' title='bbox 691 3976 859 4041; x_wconf 89' lang='lat' dir='ltr'>compares</span> <span class='ocrx_word' id='word_1_260' title='bbox 876 3954 976 4020; x_wconf 87' lang='lat' dir='ltr'>Ennii</span> <span class='ocrx_word' id='word_1_261' title='bbox 993 3979 1107 4025; x_wconf 86' lang='lat' dir='ltr'>versus</span> <span class='ocrx_word' id='word_1_262' title='bbox 1122 3962 1195 4028; x_wconf 75' lang='lat'><strong>297.</strong></span> <span class='ocrx_word' id='word_1_263' title='bbox 1212 3981 1283 4044; x_wconf 86' lang='lat' dir='ltr'>sqq.</span> <span class='ocrx_word' id='word_1_264' title='bbox 1300 3961 1411 4046; x_wconf 89' lang='lat' dir='ltr'>(cujus</span> 
     </span>
    </p>
   </div>
   <div class='ocr_carea' id='block_1_7' title="bbox 292 4053 1410 4246">
    <p class='ocr_par' dir='ltr' id='par_1_10' title="bbox 292 4053 1410 4246">
     <span class='ocr_line' id='line_1_38' title="bbox 292 4053 1410 4148; baseline 0.006 -26"><span class='ocrx_word' id='word_1_265' title='bbox 292 4059 468 4145; x_wconf 84' lang='lat' dir='ltr'>fragmenti</span> <span class='ocrx_word' id='word_1_266' title='bbox 491 4059 695 4148; x_wconf 84' lang='lat' dir='ltr'>occasionem</span> <span class='ocrx_word' id='word_1_267' title='bbox 722 4059 804 4124; x_wconf 87' lang='lat' dir='ltr'>velle</span> <span class='ocrx_word' id='word_1_268' title='bbox 832 4053 976 4140; x_wconf 85' lang='lat' dir='ltr'>indicare</span> <span class='ocrx_word' id='word_1_269' title='bbox 999 4061 1180 4128; x_wconf 90' lang='lat' dir='ltr'>Vahlenius</span> <span class='ocrx_word' id='word_1_270' title='bbox 1208 4083 1279 4128; x_wconf 90' lang='lat' dir='ltr'>esse</span> <span class='ocrx_word' id='word_1_271' title='bbox 1301 4062 1410 4130; x_wconf 89' lang='lat' dir='ltr'>ha&#39;rio-</span> 
     </span>
     <span class='ocr_line' id='line_1_39' title="bbox 292 4147 488 4246; baseline -0.015 -20"><span class='ocrx_word' id='word_1_272' title='bbox 292 4162 353 4226; x_wconf 87' lang='lat' dir='ltr'>lari</span> <span class='ocrx_word' id='word_1_273' title='bbox 367 4147 488 4246; x_wconf 66' lang='lat' dir='ltr'>*dicit)&#39;:</span> 
     </span>
    </p>
   </div>
   <div class='ocr_carea' id='block_1_8' title="bbox 0 0 1552 4880">
    <p class='ocr_par' dir='ltr' id='par_1_11' title="bbox 0 0 1552 4880">
     <span class='ocr_line' id='line_1_40' title="bbox 0 0 1552 4880; baseline 0 4"><span class='ocrx_word' id='word_1_274' title='bbox 0 0 1552 4880; x_wconf 95' lang='lat' dir='ltr'> </span> 
     </span>
    </p>
   </div>
  </div>
 </body>
</html>
