3096 4880
765 499 806 554 las
825 498 863 552 M.
875 497 1022 554 Marcellus
1037 540 1042 553 .
1056 540 1063 553 .
1076 541 1083 554 .
1096 515 1152 554 non
1164 499 1259 570 attigit

767 590 876 641 ....et
893 587 935 642 55.
954 589 1026 642 lca:
1045 586 1146 656 viginti
1157 592 1187 642 et
1198 605 1259 658 sep·

703 673 711 692 ⁸
766 677 825 728 tem
842 679 987 743 praeterea
1008 674 1116 730 tabulas
1134 675 1260 744 pulcher·

767 760 837 816 rime
858 761 948 830 pictas
1054 774 1124 830 quae
1141 778 1198 815 non
1216 779 1259 816 so·
1369 789 1371 796 ⁴

747 875 751 884 .
766 849 824 902 lum
840 849 981 917 pictorum
998 847 1116 903 artificio
1140 849 1261 905 delecta*

767 936 874 1004 tabant,
893 936 979 991 sed..
993 978 999 990 .
1013 977 1020 990 .

139 1029 166 1066 v·
185 1011 258 1066 659⁸
278 1009 407 1080 Quaeque
420 1011 549 1066 Attalicis
560 1011 669 1066 variata
732 1023 758 1093 4,
778 1025 819 1078 12.
838 1025 893 1078 m:
908 1022 995 1091 quaa
1007 1023 1261 1080 immansueta

175 1113 227 1166 ner
255 1101 343 1152 anem
368 1097 481 1154 Aulaeis
510 1098 669 1154 scribuntur
767 1111 1283 1182 11111111111111111111111111-

176 1203 264 1240 affl·-
767 1198 1007 1271 [peripetasmata]
1039 1215 1131 1254 emere
1158 1200 1261 1255 oblitus

768 1287 818 1342 es'l

231 1446 292 1528 19,
314 1443 495 1515 Marcellus
519 1453 627 1511 autem
649 1442 731 1510 urbe
752 1451 850 1530 capta
871 1441 1031 1542 militibus
1053 1442 1203 1529 imperat,
1225 1452 1264 1510 ut

142 1545 295 1612 domibus
323 1547 531 1640 templisque¹
544 1556 693 1634 parcant.
738 1542 897 1611 conferas
931 1542 991 1612 Sil.
1023 1568 1055 1608 v.
1083 1550 1146 1614 665
1174 1568 1262 1630 sqq.:

295 1683 347 1738 His
366 1684 448 1739 lectis
467 1683 621 1752 opibusque
637 1683 744 1755 potitus

294 1769 435 1826 Ausonius
453 1770 562 1840 (luctor,
579 1775 729 1840 postquam
746 1769 872 1824 sublimis
891 1771 925 1824 ab
945 1769 1003 1824 alto

295 1858 405 1930 Aggere
423 1857 552 1928 despexit
568 1856 705 1927 trepidam
723 1857 900 1928 clangoribus
919 1857 1025 1923 urbem,

294 1945 383 2018 Inque
401 1963 451 2000 suo
469 1945 593 2015 positum
610 1948 692 2014 nutu,
717 1947 792 1998 stent
809 1941 919 1997 moenia
934 1959 1041 2015 regum,
1052 1987 1058 2000 .
1068 1986 1074 1999 .
1086 1986 1110 2000 ..

373 2033 463 2088 Jussit
479 2037 553 2088 stare
571 2033 676 2099 domos,
694 2031 841 2102 indulgens
860 2032 966 2100 templa
982 2032 1099 2087 vetustis

296 2121 421 2176 Incolere
439 2126 523 2190 atque
540 2120 666 2176 habitare
684 2118 759 2174 Deis.
795 2117 840 2174 Sic
861 2134 978 2186 parcere
994 2119 1077 2174 victis

296 2208 351 2263 Pro
370 2209 473 2278 praeda
491 2207 545 2262 luit
557 2249 563 2260 .
573 2249 579 2263 .
590 2248 615 2262 ..

144 2348 282 2414 Praeter
310 2348 443 2414 Livium
470 2349 522 2417 25.
550 2350 602 2416 24.
632 2345 734 2414 Silius
761 2349 860 2413 etiam
886 2347 949 2413 hoc
976 2349 1049 2414 loco
1073 2347 1264 2416 Ciceronem

145 2460 222 2517 ante
249 2452 363 2517 oeulos
395 2449 527 2515 videtur
558 2449 729 2532 habuisse3
764 2451 912 2518 conferas
940 2451 1025 2516 enim
1053 2452 1087 2517 in
1114 2453 1210 2519 Verr.
1233 2461 1265 2538 4,

144 2557 196 2622 54.
221 2557 310 2622 lab:
334 2553 515 2620 Marcellus
538 2575 611 2617 cum
633 2561 701 2618 tam
729 2553 930 2640 praeclaram
952 2553 1066 2618 urbem
1090 2555 1123 2619 vi
1145 2557 1265 2641 copiis·

145 2679 209 2741 que
237 2655 393 2742 cepisset,
420 2680 486 2721 non
514 2656 646 2742 putavit
673 2654 715 2721 ad
741 2654 871 2720 laudem
899 2656 1014 2742 populi
1040 2654 1180 2722 Romani
1202 2658 1266 2724 hoc

144 2759 318 2846 pertinere,
338 2757 424 2822 hanc
446 2756 740 2845 pulchritudinem,
763 2781 803 2823 ex
825 2781 891 2843 qua
913 2758 1106 2844 praesertim
1128 2761 1266 2846 periculi

147 2861 231 2926 nihil
257 2860 500 2944 ostenderetur,
527 2853 636 2925 delere
661 2870 695 2925 et
720 2861 944 2946 exstinguere3
971 2861 1083 2944 itaque
1109 2860 1267 2929 aedificiis

146 2963 311 3047 omuibus,
344 2962 485 3049 publicis
513 2962 669 3048 privatis,
703 2963 804 3029 saeris
832 2962 996 3050 profanis,
1029 2963 1078 3029 sic
1109 2966 1266 3051 pepercit,

145 3066 241 3152 quasi
274 3065 317 3130 ad
350 3088 388 3130 ea
421 3063 624 3130 defendenda
650 3087 724 3129 oum
752 3065 913 3148 exercitu,
947 3088 1012 3128 non
1044 3068 1267 3153 oppugnanda
1323 3059 1331 3069 ”

144 3171 289 3234 venisset
305 3218 312 3232 .
330 3217 337 3232 .
355 3217 384 3232 ..
402 3194 424 3246 .;
448 3165 582 3232 deinde:
609 3165 687 3231 dum
715 3191 792 3232 vero
819 3167 944 3231 nullum
971 3167 1119 3252 violavit,
1141 3172 1266 3236 nullum

147 3271 275 3357 attigit3
292 3321 300 3335 .
317 3321 325 3336 .
343 3321 350 3336 .
365 3269 445 3336 ibid.
464 3270 550 3350 182:
565 3269 626 3335 has
641 3269 772 3334 tabulas
788 3316 795 3332 .
812 3319 820 3334 .
837 3320 845 3334 .
861 3270 1042 3338 Marcellus
1056 3295 1122 3336 non
1138 3276 1265 3362 attigit3

145 3379 182 3457 4,
210 3377 262 3442 55.
293 3378 381 3443 122:
398 3424 406 3438 .
422 3423 430 3438 .
447 3371 544 3439 aedes
574 3372 745 3438 Minervae
771 3381 822 3438 est
843 3372 877 3437 in
898 3373 1029 3458 Insula,
1052 3397 1150 3459 quam
1172 3377 1266 3443 Mar-

146 3477 248 3542 cellus
269 3500 335 3541 non
358 3476 481 3562 attigit,
503 3498 602 3561 quam
625 3476 753 3561 plenam
776 3483 874 3559 atque
898 3485 1047 3542 ornatam
1069 3478 1212 3562 reliquit.

229 3582 293 3662 20,
316 3579 442 3646 versus
464 3578 541 3664 usa
562 3557 667 3678 iuri,
689 3581 895 3646 coe-esa:
1260 3557 1372 3669 Q

701 3699 833 3754 Aemulus
851 3699 911 3767 ipse

333 3787 441 3856 Ingenii
459 3786 596 3856 Superum
614 3787 749 3842 servando
768 3786 893 3841 condidit
911 3789 1016 3842 urbem.

333 3873 410 3942 Ergo
428 3878 520 3930 exstat
537 3875 634 3943 seclis,
651 3875 791 3944 stabitque
808 3873 917 3945 insigne
934 3879 1079 3943 tropaeum

333 3959 372 4014 Et
389 3962 470 4017 debit
486 3963 615 4032 antiquos
633 3962 779 4016 ductorum
797 3977 912 4015 noscere
929 3977 1030 4031 mores,

124 4147 125 4150 ,
147 4083 190 4148 ad
212 4081 294 4147 illud
317 4091 466 4167 spectare
488 4081 641 4147 videntur
662 4080 752 4166 quod
776 4078 892 4145 Cicero
915 4081 949 4145 in
969 4083 1064 4150 Verr.
1087 4087 1119 4167 2,
1140 4068 1191 4154 2'1.
1215 4089 1266 4156 50.

148 4195 276 4251 narrat:
315 4183 432 4252 deinde
473 4193 509 4249 ut
543 4183 576 4249 in
614 4185 705 4249 curia
741 4183 916 4272 Syracusis
949 4208 1046 4270 quem
1078 4187 1187 4252 locum
1219 4188 1268 4258 illi

1050 4302 1066 4356 5
