<?xml version="1.0" encoding="UTF-8"?>
<!DOCTYPE html PUBLIC "-//W3C//DTD XHTML 1.0 Transitional//EN"
    "http://www.w3.org/TR/xhtml1/DTD/xhtml1-transitional.dtd">
<html xmlns="http://www.w3.org/1999/xhtml" xml:lang="en" lang="en">
 <head>
  <title>
</title>
<meta http-equiv="Content-Type" content="text/html;charset=utf-8" />
  <meta name='ocr-system' content='tesseract 3.04.00' />
  <meta name='ocr-capabilities' content='ocr_page ocr_carea ocr_par ocr_line ocrx_word'/>
</head>
<body>
  <div class='ocr_page' id='page_1' title='image "./decsiliiitalici00wezegoog_0065.png"; bbox 0 0 3096 4880; ppageno 0'>
   <div class='ocr_carea' id='block_1_1' title="bbox 860 316 921 392">
    <p class='ocr_par' dir='ltr' id='par_1_1' title="bbox 860 316 921 392">
     <span class='ocr_line' id='line_1_1' title="bbox 860 316 921 392; baseline 0.033 -12"><span class='ocrx_word' id='word_1_1' title='bbox 860 316 921 392; x_wconf 89' lang='grc'><strong>60,</strong></span> 
     </span>
    </p>
   </div>
   <div class='ocr_carea' id='block_1_2' title="bbox 320 497 1536 1398">
    <p class='ocr_par' dir='ltr' id='par_1_2' title="bbox 320 497 1536 1398">
     <span class='ocr_line' id='line_1_2' title="bbox 407 497 1461 588; baseline -0.001 -19"><span class='ocrx_word' id='word_1_2' title='bbox 407 505 468 584; x_wconf 87' lang='grc'><strong>11.,</strong></span> <span class='ocrx_word' id='word_1_3' title='bbox 490 500 610 566; x_wconf 88' lang='lat' dir='ltr'><strong>Multis</strong></span> <span class='ocrx_word' id='word_1_4' title='bbox 624 500 707 566; x_wconf 90' lang='lat' dir='ltr'><strong>locis</strong></span> <span class='ocrx_word' id='word_1_5' title='bbox 721 497 798 564; x_wconf 88' lang='lat' dir='ltr'>libri</span> <span class='ocrx_word' id='word_1_6' title='bbox 813 501 924 586; x_wconf 89' lang='lat' dir='ltr'><strong>quarti</strong></span> <span class='ocrx_word' id='word_1_7' title='bbox 946 498 1076 588; x_wconf 85' lang='lat' dir='ltr'><strong>decimi,</strong></span> <span class='ocrx_word' id='word_1_8' title='bbox 1099 501 1134 568; x_wconf 90' lang='lat' dir='ltr'><strong>in</strong></span> <span class='ocrx_word' id='word_1_9' title='bbox 1152 525 1218 587; x_wconf 90' lang='lat' dir='ltr'><strong>quo</strong></span> <span class='ocrx_word' id='word_1_10' title='bbox 1244 525 1295 568; x_wconf 90' lang='lat' dir='ltr'><strong>res</strong></span> <span class='ocrx_word' id='word_1_11' title='bbox 1318 527 1338 568; x_wconf 90' lang='lat' dir='ltr'><strong>a</strong></span> <span class='ocrx_word' id='word_1_12' title='bbox 1353 503 1461 570; x_wconf 87' lang='lat' dir='ltr'><strong>Mar-</strong></span> 
     </span>
     <span class='ocr_line' id='line_1_3' title="bbox 321 601 1462 691; baseline 0.002 -23"><span class='ocrx_word' id='word_1_13' title='bbox 321 604 403 669; x_wconf 92' lang='lat' dir='ltr'><strong>cello</strong></span> <span class='ocrx_word' id='word_1_14' title='bbox 425 603 460 668; x_wconf 92' lang='lat' dir='ltr'><strong>in</strong></span> <span class='ocrx_word' id='word_1_15' title='bbox 482 602 597 672; x_wconf 84' lang='lat' dir='ltr'><strong>Sicilia</strong></span> <span class='ocrx_word' id='word_1_16' title='bbox 623 612 736 691; x_wconf 77' lang='lat' dir='ltr'>gestae</span> <span class='ocrx_word' id='word_1_17' title='bbox 757 612 951 686; x_wconf 88' lang='lat' dir='ltr'><strong>narrantur,</strong></span> <span class='ocrx_word' id='word_1_18' title='bbox 981 601 1085 670; x_wconf 82' lang='lat' dir='ltr'><strong>Silius</strong></span> <span class='ocrx_word' id='word_1_19' title='bbox 1108 601 1279 672; x_wconf 84' lang='lat' dir='ltr'><strong>Ciceronis</strong></span> <span class='ocrx_word' id='word_1_20' title='bbox 1306 607 1341 670; x_wconf 92' lang='lat' dir='ltr'><strong>in</strong></span> <span class='ocrx_word' id='word_1_21' title='bbox 1362 608 1462 675; x_wconf 89' lang='lat' dir='ltr'><strong>Ver-</strong></span> 
     </span>
     <span class='ocr_line' id='line_1_4' title="bbox 322 703 1463 785; baseline 0.005 -17"><span class='ocrx_word' id='word_1_22' title='bbox 322 727 390 770; x_wconf 85' lang='lat' dir='ltr'><strong>rem</strong></span> <span class='ocrx_word' id='word_1_23' title='bbox 412 706 505 773; x_wconf 91' lang='lat' dir='ltr'><strong>libris</strong></span> <span class='ocrx_word' id='word_1_24' title='bbox 527 729 607 772; x_wconf 91' lang='lat' dir='ltr'><strong>usus</strong></span> <span class='ocrx_word' id='word_1_25' title='bbox 636 715 696 771; x_wconf 87' lang='lat' dir='ltr'><strong>est.</strong></span> <span class='ocrx_word' id='word_1_26' title='bbox 742 703 885 772; x_wconf 83' lang='lat' dir='ltr'>Constat</span> <span class='ocrx_word' id='word_1_27' title='bbox 913 707 999 785; x_wconf 80' lang='lat' dir='ltr'><strong>enim</strong></span> <span class='ocrx_word' id='word_1_28' title='bbox 1028 704 1220 773; x_wconf 78' lang='lat' dir='ltr'><strong>Ciceronem</strong></span> <span class='ocrx_word' id='word_1_29' title='bbox 1246 731 1314 773; x_wconf 92' lang='lat' dir='ltr'><strong>non</strong></span> <span class='ocrx_word' id='word_1_30' title='bbox 1342 709 1463 774; x_wconf 90' lang='lat' dir='ltr'><strong>solum</strong></span> 
     </span>
     <span class='ocr_line' id='line_1_5' title="bbox 321 806 1462 896; baseline 0.004 -25"><span class='ocrx_word' id='word_1_31' title='bbox 321 809 661 894; x_wconf 25' lang='lat' dir='ltr'><strong>ipsumyquaestorem</strong></span> <span class='ocrx_word' id='word_1_32' title='bbox 688 809 723 873; x_wconf 91' lang='lat' dir='ltr'><strong>in</strong></span> <span class='ocrx_word' id='word_1_33' title='bbox 746 806 861 875; x_wconf 89' lang='lat' dir='ltr'><strong>Sicilia</strong></span> <span class='ocrx_word' id='word_1_34' title='bbox 882 809 1002 892; x_wconf 82' lang='lat' dir='ltr'><strong>fuisse,</strong></span> <span class='ocrx_word' id='word_1_35' title='bbox 1030 807 1089 876; x_wconf 87' lang='lat' dir='ltr'><strong>sed</strong></span> <span class='ocrx_word' id='word_1_36' title='bbox 1111 810 1210 874; x_wconf 88' lang='lat' dir='ltr'><strong>etiam</strong></span> <span class='ocrx_word' id='word_1_37' title='bbox 1232 831 1462 896; x_wconf 88' lang='lat' dir='ltr'><strong>quaecunque</strong></span> 
     </span>
     <span class='ocr_line' id='line_1_6' title="bbox 323 910 1462 998; baseline 0.003 -23"><span class='ocrx_word' id='word_1_38' title='bbox 323 911 366 975; x_wconf 86' lang='lat' dir='ltr'><strong>ad</strong></span> <span class='ocrx_word' id='word_1_39' title='bbox 387 911 513 978; x_wconf 92' lang='lat' dir='ltr'><strong>insulae</strong></span> <span class='ocrx_word' id='word_1_40' title='bbox 536 913 652 996; x_wconf 89' lang='lat' dir='ltr'><strong>situm,</strong></span> <span class='ocrx_word' id='word_1_41' title='bbox 680 911 767 976; x_wconf 92' lang='lat' dir='ltr'><strong>bona</strong></span> <span class='ocrx_word' id='word_1_42' title='bbox 789 920 822 976; x_wconf 95' lang='lat' dir='ltr'><strong>et</strong></span> <span class='ocrx_word' id='word_1_43' title='bbox 843 910 997 994; x_wconf 79' lang='lat' dir='ltr'><strong>indolem,</strong></span> <span class='ocrx_word' id='word_1_44' title='bbox 1019 911 1203 995; x_wconf 79' lang='lat' dir='ltr'><strong>historiam,</strong></span> <span class='ocrx_word' id='word_1_45' title='bbox 1226 913 1352 978; x_wconf 89' lang='lat' dir='ltr'><strong>incolas</strong></span> <span class='ocrx_word' id='word_1_46' title='bbox 1374 937 1462 998; x_wconf 91' lang='lat' dir='ltr'><strong>per-</strong></span> 
     </span>
     <span class='ocr_line' id='line_1_7' title="bbox 323 1003 1536 1101; baseline 0.004 -24"><span class='ocrx_word' id='word_1_47' title='bbox 323 1014 473 1098; x_wconf 85' lang='lat' dir='ltr'><strong>tinerent,</strong></span> <span class='ocrx_word' id='word_1_48' title='bbox 497 1038 623 1081; x_wconf 89' lang='lat' dir='ltr'><strong>summa</strong></span> <span class='ocrx_word' id='word_1_49' title='bbox 650 1037 724 1078; x_wconf 89' lang='lat' dir='ltr'><strong>cum</strong></span> <span class='ocrx_word' id='word_1_50' title='bbox 750 1012 922 1100; x_wconf 83' lang='lat' dir='ltr'><strong>diligentia</strong></span> <span class='ocrx_word' id='word_1_51' title='bbox 949 1037 1095 1099; x_wconf 89' lang='lat' dir='ltr'><strong>curaque</strong></span> <span class='ocrx_word' id='word_1_52' title='bbox 1121 1015 1312 1101; x_wconf 80' lang='lat' dir='ltr'><strong>collegisse,</strong></span> <span class='ocrx_word' id='word_1_53' title='bbox 1340 1015 1462 1101; x_wconf 86' lang='lat' dir='ltr'><strong>prius·</strong></span> <span class='ocrx_word' id='word_1_54' title='bbox 1535 1003 1536 1042; x_wconf 57' lang='lat'><strong>³</strong></span> 
     </span>
     <span class='ocr_line' id='line_1_8' title="bbox 323 1114 1462 1202; baseline 0 -20"><span class='ocrx_word' id='word_1_55' title='bbox 323 1116 492 1202; x_wconf 83' lang='lat' dir='ltr'><strong>quemad</strong></span> <span class='ocrx_word' id='word_1_56' title='bbox 520 1114 710 1192; x_wconf 88' lang='lat' dir='ltr'><strong>scribendos</strong></span> <span class='ocrx_word' id='word_1_57' title='bbox 737 1114 771 1180; x_wconf 92' lang='lat' dir='ltr'><strong>in</strong></span> <span class='ocrx_word' id='word_1_58' title='bbox 792 1117 936 1192; x_wconf 60' lang='lat' dir='ltr'><strong>Verrem,</strong></span> <span class='ocrx_word' id='word_1_59' title='bbox 957 1117 1061 1194; x_wconf 82' lang='lat' dir='ltr'><strong>libros</strong></span> <span class='ocrx_word' id='word_1_60' title='bbox 1092 1116 1272 1182; x_wconf 89' lang='lat' dir='ltr'><strong>accederet.</strong></span> <span class='ocrx_word' id='word_1_61' title='bbox 1317 1117 1384 1184; x_wconf 88' lang='lat' dir='ltr'><strong>Sed</strong></span> <span class='ocrx_word' id='word_1_62' title='bbox 1418 1129 1462 1183; x_wconf 91' lang='lat' dir='ltr'><strong>ut</strong></span> 
     </span>
     <span class='ocr_line' id='line_1_9' title="bbox 320 1219 1460 1306; baseline 0.004 -23"><span class='ocrx_word' id='word_1_63' title='bbox 320 1222 389 1305; x_wconf 90' lang='lat' dir='ltr'><strong>jam</strong></span> <span class='ocrx_word' id='word_1_64' title='bbox 412 1219 455 1285; x_wconf 89' lang='lat' dir='ltr'><strong>ad</strong></span> <span class='ocrx_word' id='word_1_65' title='bbox 477 1219 607 1306; x_wconf 85' lang='lat' dir='ltr'><strong>singula</strong></span> <span class='ocrx_word' id='word_1_66' title='bbox 633 1219 801 1284; x_wconf 86' lang='lat' dir='ltr'><strong>veniamus</strong></span> <span class='ocrx_word' id='word_1_67' title='bbox 829 1219 1040 1284; x_wconf 88' lang='lat' dir='ltr'><strong>conferantur</strong></span> <span class='ocrx_word' id='word_1_68' title='bbox 1066 1221 1154 1298; x_wconf 79' lang='lat' dir='ltr'><strong>inter</strong></span> <span class='ocrx_word' id='word_1_69' title='bbox 1176 1243 1215 1296; x_wconf 65' lang='lat' dir='ltr'><strong>se¹</strong></span> <span class='ocrx_word' id='word_1_70' title='bbox 1232 1219 1267 1284; x_wconf 94' lang='lat' dir='ltr'><strong>hi</strong></span> <span class='ocrx_word' id='word_1_71' title='bbox 1289 1221 1369 1286; x_wconf 90' lang='lat' dir='ltr'><strong>loci:</strong></span> <span class='ocrx_word' id='word_1_72' title='bbox 1398 1221 1460 1288; x_wconf 87' lang='lat' dir='ltr'><strong>Si-</strong></span> 
     </span>
     <span class='ocr_line' id='line_1_10' title="bbox 324 1319 1309 1398; baseline -0.001 -11"><span class='ocrx_word' id='word_1_73' title='bbox 324 1324 389 1389; x_wconf 91' lang='lat' dir='ltr'><strong>lius</strong></span> <span class='ocrx_word' id='word_1_74' title='bbox 410 1322 560 1388; x_wconf 86' lang='lat' dir='ltr'><strong>versibus</strong></span> <span class='ocrx_word' id='word_1_75' title='bbox 582 1326 730 1392; x_wconf 86' lang='grc'><strong>23.-26.</strong></span> <span class='ocrx_word' id='word_1_76' title='bbox 755 1319 964 1398; x_wconf 71' lang='lat' dir='ltr'><strong>fertilitatem</strong></span> <span class='ocrx_word' id='word_1_77' title='bbox 987 1323 1113 1390; x_wconf 89' lang='lat' dir='ltr'><strong>insulae</strong></span> <span class='ocrx_word' id='word_1_78' title='bbox 1135 1322 1309 1390; x_wconf 85' lang='lat' dir='ltr'><strong>describit:</strong></span> 
     </span>
    </p>
   </div>
   <div class='ocr_carea' id='block_1_3' title="bbox 371 1441 1301 1691">
    <p class='ocr_par' dir='ltr' id='par_1_3' title="bbox 371 1441 1301 1691">
     <span class='ocr_line' id='line_1_11' title="bbox 478 1441 1219 1522; baseline 0 -24"><span class='ocrx_word' id='word_1_79' title='bbox 478 1443 568 1498; x_wconf 87' lang='lat' dir='ltr'><strong>Multa</strong></span> <span class='ocrx_word' id='word_1_80' title='bbox 585 1443 650 1498; x_wconf 87' lang='lat' dir='ltr'><strong>solo</strong></span> <span class='ocrx_word' id='word_1_81' title='bbox 668 1442 766 1512; x_wconf 88' lang='lat' dir='ltr'><strong>virtus,</strong></span> <span class='ocrx_word' id='word_1_82' title='bbox 782 1441 841 1512; x_wconf 87' lang='lat' dir='ltr'><strong>jam</strong></span> <span class='ocrx_word' id='word_1_83' title='bbox 858 1441 975 1502; x_wconf 88' lang='lat' dir='ltr'><strong>reddere</strong></span> <span class='ocrx_word' id='word_1_84' title='bbox 992 1443 1090 1498; x_wconf 85' lang='lat' dir='ltr'><strong>foenus</strong></span> <span class='ocrx_word' id='word_1_85' title='bbox 1109 1443 1219 1522; x_wconf 73' lang='lat' dir='ltr'><strong>aratris,</strong></span> 
     </span>
     <span class='ocr_line' id='line_1_12' title="bbox 480 1531 1301 1608; baseline 0 -22"><span class='ocrx_word' id='word_1_86' title='bbox 480 1531 547 1586; x_wconf 86' lang='lat' dir='ltr'><strong>Jarn</strong></span> <span class='ocrx_word' id='word_1_87' title='bbox 568 1534 678 1586; x_wconf 89' lang='lat' dir='ltr'><strong>montes</strong></span> <span class='ocrx_word' id='word_1_88' title='bbox 702 1531 832 1586; x_wconf 81' lang='lat' dir='ltr'><strong>umbrare</strong></span> <span class='ocrx_word' id='word_1_89' title='bbox 857 1532 932 1600; x_wconf 89' lang='lat' dir='ltr'><strong>olea,</strong></span> <span class='ocrx_word' id='word_1_90' title='bbox 954 1531 1020 1585; x_wconf 91' lang='lat' dir='ltr'><strong>dare</strong></span> <span class='ocrx_word' id='word_1_91' title='bbox 1044 1531 1158 1608; x_wconf 77' lang='lat' dir='ltr'><strong>nomina</strong></span> <span class='ocrx_word' id='word_1_92' title='bbox 1180 1531 1301 1600; x_wconf 85' lang='lat' dir='ltr'><strong>Baccho,</strong></span> 
     </span>
     <span class='ocr_line' id='line_1_13' title="bbox 371 1617 1232 1691; baseline -0.006 -13"><span class='ocrx_word' id='word_1_93' title='bbox 371 1664 375 1678; x_wconf 93' lang='lat'><em>.</em></span> <span class='ocrx_word' id='word_1_94' title='bbox 481 1618 721 1691; x_wconf 84' lang='lat' dir='ltr'><strong>Cornipedemque</strong></span> <span class='ocrx_word' id='word_1_95' title='bbox 739 1617 824 1673; x_wconf 88' lang='lat' dir='ltr'><strong>citum</strong></span> <span class='ocrx_word' id='word_1_96' title='bbox 842 1617 919 1674; x_wconf 89' lang='lat' dir='ltr'><strong>lituis</strong></span> <span class='ocrx_word' id='word_1_97' title='bbox 937 1636 1083 1690; x_wconf 82' lang='lat' dir='ltr'><strong>generasse</strong></span> <span class='ocrx_word' id='word_1_98' title='bbox 1101 1619 1232 1688; x_wconf 82' lang='lat' dir='ltr'><strong>ferendis,</strong></span> 
     </span>
    </p>
   </div>
   <div class='ocr_carea' id='block_1_4' title="bbox 328 1749 1536 2240">
    <p class='ocr_par' dir='ltr' id='par_1_4' title="bbox 331 1749 683 1826">
     <span class='ocr_line' id='line_1_14' title="bbox 331 1749 683 1826; baseline -0.006 -20"><span class='ocrx_word' id='word_1_99' title='bbox 331 1750 364 1806; x_wconf 93' lang='lat' dir='ltr'><strong>et</strong></span> <span class='ocrx_word' id='word_1_100' title='bbox 385 1764 470 1826; x_wconf 88' lang='lat' dir='ltr'><strong>quae</strong></span> <span class='ocrx_word' id='word_1_101' title='bbox 491 1749 683 1826; x_wconf 89' lang='lat' dir='ltr'><strong>sequuntur.</strong></span> 
     </span>
    </p>

    <p class='ocr_par' dir='ltr' id='par_1_5' title="bbox 328 1831 1536 2240">
     <span class='ocr_line' id='line_1_15' title="bbox 414 1831 1460 1929; baseline 0.001 -21"><span class='ocrx_word' id='word_1_102' title='bbox 414 1844 468 1908; x_wconf 92' lang='lat' dir='ltr'><strong>De</strong></span> <span class='ocrx_word' id='word_1_103' title='bbox 487 1867 553 1929; x_wconf 87' lang='lat' dir='ltr'><strong>qua</strong></span> <span class='ocrx_word' id='word_1_104' title='bbox 578 1831 614 1907; x_wconf 76' lang='lat' dir='ltr'><strong>re</strong></span> <span class='ocrx_word' id='word_1_105' title='bbox 634 1839 750 1908; x_wconf 85' lang='lat' dir='ltr'><strong>Cicero</strong></span> <span class='ocrx_word' id='word_1_106' title='bbox 770 1842 871 1907; x_wconf 85' lang='lat' dir='ltr'><strong>variis</strong></span> <span class='ocrx_word' id='word_1_107' title='bbox 892 1841 974 1910; x_wconf 88' lang='lat' dir='ltr'><strong>locis</strong></span> <span class='ocrx_word' id='word_1_108' title='bbox 1000 1843 1131 1929; x_wconf 89' lang='lat' dir='ltr'><strong>saepius</strong></span> <span class='ocrx_word' id='word_1_109' title='bbox 1151 1842 1246 1908; x_wconf 86' lang='lat' dir='ltr'><strong>dixit.</strong></span> <span class='ocrx_word' id='word_1_110' title='bbox 1294 1843 1343 1909; x_wconf 93' lang='lat' dir='ltr'><strong>Ut</strong></span> <span class='ocrx_word' id='word_1_111' title='bbox 1369 1843 1460 1909; x_wconf 91' lang='lat' dir='ltr'><strong>alios</strong></span> 
     </span>
     <span class='ocr_line' id='line_1_16' title="bbox 331 1929 1536 2032; baseline -0.002 -19"><span class='ocrx_word' id='word_1_112' title='bbox 331 1949 480 2013; x_wconf 88' lang='lat' dir='ltr'><strong>omittam</strong></span> <span class='ocrx_word' id='word_1_113' title='bbox 500 1947 591 2012; x_wconf 91' lang='lat' dir='ltr'><strong>locos</strong></span> <span class='ocrx_word' id='word_1_114' title='bbox 614 1945 714 2030; x_wconf 87' lang='lat' dir='ltr'><strong>(crat.</strong></span> <span class='ocrx_word' id='word_1_115' title='bbox 727 1933 779 2008; x_wconf 83' lang='lat' dir='ltr'><strong>¹de</strong></span> <span class='ocrx_word' id='word_1_116' title='bbox 793 1945 871 2030; x_wconf 85' lang='lat' dir='ltr'><strong>imp.</strong></span> <span class='ocrx_word' id='word_1_117' title='bbox 888 1942 1092 2032; x_wconf 84' lang='lat' dir='ltr'><strong>C.&#39;Pompeji</strong></span> <span class='ocrx_word' id='word_1_118' title='bbox 1106 1949 1155 2014; x_wconf 99' lang='grc'><strong>12.</strong></span> <span class='ocrx_word' id='word_1_119' title='bbox 1171 1949 1238 2024; x_wconf 85' lang='grc'><strong>34.;</strong></span> <span class='ocrx_word' id='word_1_120' title='bbox 1263 1946 1403 2012; x_wconf 87' lang='lat' dir='ltr'><strong>actionis</strong></span> <span class='ocrx_word' id='word_1_121' title='bbox 1422 1947 1459 2010; x_wconf 90' lang='lat' dir='ltr'><strong>in</strong></span> <span class='ocrx_word' id='word_1_122' title='bbox 1535 1929 1536 1946; x_wconf 38' lang='lat'>¹</span> 
     </span>
     <span class='ocr_line' id='line_1_17' title="bbox 328 2046 1458 2136; baseline -0.003 -19"><span class='ocrx_word' id='word_1_123' title='bbox 328 2053 469 2118; x_wconf 89' lang='lat' dir='ltr'><strong>Verrem</strong></span> <span class='ocrx_word' id='word_1_124' title='bbox 492 2049 538 2113; x_wconf 92' lang='lat' dir='ltr'><strong>II.</strong></span> <span class='ocrx_word' id='word_1_125' title='bbox 566 2056 674 2112; x_wconf 90' lang='lat' dir='ltr'><strong>totum</strong></span> <span class='ocrx_word' id='word_1_126' title='bbox 702 2046 823 2112; x_wconf 89' lang='lat' dir='ltr'><strong>librum</strong></span> <span class='ocrx_word' id='word_1_127' title='bbox 848 2048 999 2134; x_wconf 89' lang='lat' dir='ltr'><strong>tertium)</strong></span> <span class='ocrx_word' id='word_1_128' title='bbox 1026 2047 1090 2113; x_wconf 91' lang='lat' dir='ltr'><strong>hoc</strong></span> <span class='ocrx_word' id='word_1_129' title='bbox 1116 2049 1264 2136; x_wconf 83' lang='lat' dir='ltr'><strong>profero:</strong></span> <span class='ocrx_word' id='word_1_130' title='bbox 1292 2049 1326 2113; x_wconf 93' lang='lat' dir='ltr'><strong>in</strong></span> <span class='ocrx_word' id='word_1_131' title='bbox 1354 2049 1458 2115; x_wconf 84' lang='lat' dir='ltr'><strong>Verr.</strong></span> 
     </span>
     <span class='ocr_line' id='line_1_18' title="bbox 329 2146 1458 2240; baseline -0.005 -18"><span class='ocrx_word' id='word_1_132' title='bbox 329 2158 360 2222; x_wconf 88' lang='grc'><strong>4.</strong></span> <span class='ocrx_word' id='word_1_133' title='bbox 387 2157 439 2221; x_wconf 88' lang='grc'><strong>48.</strong></span> <span class='ocrx_word' id='word_1_134' title='bbox 469 2155 557 2220; x_wconf 85' lang='lat'><strong>106.:</strong></span> <span class='ocrx_word' id='word_1_135' title='bbox 585 2157 681 2215; x_wconf 84' lang='lat' dir='ltr'><strong>vetus</strong></span> <span class='ocrx_word' id='word_1_136' title='bbox 709 2157 759 2214; x_wconf 91' lang='lat' dir='ltr'><strong>est</strong></span> <span class='ocrx_word' id='word_1_137' title='bbox 785 2149 866 2214; x_wconf 89' lang='lat' dir='ltr'><strong>haee</strong></span> <span class='ocrx_word' id='word_1_138' title='bbox 893 2151 1004 2237; x_wconf 91' lang='lat' dir='ltr'><strong>opinio</strong></span> <span class='ocrx_word' id='word_1_139' title='bbox 1032 2174 1117 2240; x_wconf 86' lang='lat' dir='ltr'><strong>quae</strong></span> <span class='ocrx_word' id='word_1_140' title='bbox 1145 2160 1276 2217; x_wconf 90' lang='lat' dir='ltr'><strong>constat</strong></span> <span class='ocrx_word' id='word_1_141' title='bbox 1303 2146 1344 2216; x_wconf 72' lang='lat' dir='ltr'><strong>eri</strong></span> <span class='ocrx_word' id='word_1_142' title='bbox 1366 2152 1458 2216; x_wconf 89' lang='lat' dir='ltr'><strong>anti-</strong></span> 
     </span>
    </p>
   </div>
   <div class='ocr_carea' id='block_1_5' title="bbox 323 2251 1535 3266">
    <p class='ocr_par' dir='ltr' id='par_1_6' title="bbox 326 2251 1535 3145">
     <span class='ocr_line' id='line_1_19' title="bbox 327 2251 1456 2341; baseline -0.001 -22"><span class='ocrx_word' id='word_1_143' title='bbox 327 2255 508 2341; x_wconf 85' lang='lat' dir='ltr'><strong>quissimis</strong></span> <span class='ocrx_word' id='word_1_144' title='bbox 526 2251 730 2319; x_wconf 87' lang='lat' dir='ltr'><strong>Graecorum</strong></span> <span class='ocrx_word' id='word_1_145' title='bbox 757 2253 878 2319; x_wconf 87' lang='lat' dir='ltr'><strong>litteris</strong></span> <span class='ocrx_word' id='word_1_146' title='bbox 902 2277 940 2319; x_wconf 87' lang='lat' dir='ltr'><strong>ac</strong></span> <span class='ocrx_word' id='word_1_147' title='bbox 962 2254 1182 2330; x_wconf 81' lang='lat' dir='ltr'><strong>monumentis</strong></span> <span class='ocrx_word' id='word_1_148' title='bbox 1204 2254 1344 2320; x_wconf 89' lang='lat' dir='ltr'><strong>insulam</strong></span> <span class='ocrx_word' id='word_1_149' title='bbox 1367 2253 1456 2330; x_wconf 86' lang='lat' dir='ltr'><strong>Sici·</strong></span> 
     </span>
     <span class='ocr_line' id='line_1_20' title="bbox 326 2352 1452 2441; baseline -0.004 -17"><span class='ocrx_word' id='word_1_150' title='bbox 326 2361 407 2425; x_wconf 90' lang='lat' dir='ltr'><strong>liam</strong></span> <span class='ocrx_word' id='word_1_151' title='bbox 429 2366 533 2423; x_wconf 90' lang='lat' dir='ltr'><strong>totam</strong></span> <span class='ocrx_word' id='word_1_152' title='bbox 562 2377 633 2422; x_wconf 89' lang='lat' dir='ltr'><strong>esse</strong></span> <span class='ocrx_word' id='word_1_153' title='bbox 656 2352 768 2420; x_wconf 86' lang='lat' dir='ltr'><strong>Cereri</strong></span> <span class='ocrx_word' id='word_1_154' title='bbox 795 2366 1035 2440; x_wconf 76' lang='lat' dir='ltr'><strong>consecratam,</strong></span> <span class='ocrx_word' id='word_1_155' title='bbox 1058 2363 1091 2420; x_wconf 91' lang='lat' dir='ltr'><strong>et</strong></span> <span class='ocrx_word' id='word_1_156' title='bbox 1113 2360 1143 2423; x_wconf 83' lang='lat'><strong>5.</strong></span> <span class='ocrx_word' id='word_1_157' title='bbox 1166 2360 1218 2424; x_wconf 82' lang='lat'><strong>38.</strong></span> <span class='ocrx_word' id='word_1_158' title='bbox 1243 2380 1331 2441; x_wconf 88' lang='lat' dir='ltr'><strong>sqq.:</strong></span> <span class='ocrx_word' id='word_1_159' title='bbox 1354 2356 1452 2424; x_wconf 88' lang='lat' dir='ltr'><strong>Sicu-</strong></span> 
     </span>
     <span class='ocr_line' id='line_1_21' title="bbox 327 2457 1452 2544; baseline -0.005 -15"><span class='ocrx_word' id='word_1_160' title='bbox 327 2465 421 2529; x_wconf 89' lang='lat' dir='ltr'><strong>losne</strong></span> <span class='ocrx_word' id='word_1_161' title='bbox 447 2460 583 2542; x_wconf 83' lang='lat' dir='ltr'><strong>milites,</strong></span> <span class='ocrx_word' id='word_1_162' title='bbox 617 2467 825 2523; x_wconf 86' lang='lat' dir='ltr'><strong>aratorumne</strong></span> <span class='ocrx_word' id='word_1_163' title='bbox 846 2460 983 2543; x_wconf 83' lang='lat' dir='ltr'><strong>liberos,</strong></span> <span class='ocrx_word' id='word_1_164' title='bbox 1016 2479 1155 2544; x_wconf 89' lang='lat' dir='ltr'><strong>quorum</strong></span> <span class='ocrx_word' id='word_1_165' title='bbox 1183 2467 1307 2544; x_wconf 85' lang='lat' dir='ltr'><strong>patres</strong></span> <span class='ocrx_word' id='word_1_166' title='bbox 1322 2457 1452 2523; x_wconf 83' lang='lat' dir='ltr'><strong>tantum</strong></span> 
     </span>
     <span class='ocr_line' id='line_1_22' title="bbox 327 2559 1535 2648; baseline -0.003 -18"><span class='ocrx_word' id='word_1_167' title='bbox 327 2566 442 2631; x_wconf 88' lang='lat' dir='ltr'><strong>labore</strong></span> <span class='ocrx_word' id='word_1_168' title='bbox 465 2587 525 2630; x_wconf 88' lang='lat' dir='ltr'><strong>suo</strong></span> <span class='ocrx_word' id='word_1_169' title='bbox 553 2561 708 2627; x_wconf 82' lang='lat' dir='ltr'><strong>frumenti</strong></span> <span class='ocrx_word' id='word_1_170' title='bbox 731 2559 922 2645; x_wconf 85' lang='lat' dir='ltr'><strong>exarabant,</strong></span> <span class='ocrx_word' id='word_1_171' title='bbox 945 2571 983 2626; x_wconf 92' lang='lat' dir='ltr'><strong>ut</strong></span> <span class='ocrx_word' id='word_1_172' title='bbox 1005 2563 1128 2648; x_wconf 93' lang='lat' dir='ltr'><strong>populo</strong></span> <span class='ocrx_word' id='word_1_173' title='bbox 1150 2561 1299 2626; x_wconf 84' lang='lat' dir='ltr'><strong>Romano</strong></span> <span class='ocrx_word' id='word_1_174' title='bbox 1321 2563 1452 2646; x_wconf 90' lang='lat' dir='ltr'><strong>totique</strong></span> <span class='ocrx_word' id='word_1_175' title='bbox 1534 2607 1535 2616; x_wconf 41' lang='lat'>1</span> 
     </span>
     <span class='ocr_line' id='line_1_23' title="bbox 328 2663 1535 2752; baseline -0.004 -18"><span class='ocrx_word' id='word_1_176' title='bbox 328 2669 449 2734; x_wconf 87' lang='lat' dir='ltr'><strong>Italiae</strong></span> <span class='ocrx_word' id='word_1_177' title='bbox 482 2663 694 2752; x_wconf 86' lang='lat' dir='ltr'><strong>suppeditare</strong></span> <span class='ocrx_word' id='word_1_178' title='bbox 727 2671 863 2750; x_wconf 89' lang='lat' dir='ltr'><strong>possent</strong></span> <span class='ocrx_word' id='word_1_179' title='bbox 885 2713 893 2727; x_wconf 92' lang='lat'>.</span> <span class='ocrx_word' id='word_1_180' title='bbox 913 2713 920 2728; x_wconf 91' lang='lat'><strong>.</strong></span> <span class='ocrx_word' id='word_1_181' title='bbox 940 2714 946 2729; x_wconf 93' lang='lat'>.</span> <span class='ocrx_word' id='word_1_182' title='bbox 966 2715 973 2729; x_wconf 90' lang='lat'><strong>.</strong></span> <span class='ocrx_word' id='word_1_183' title='bbox 997 2665 1069 2730; x_wconf 91' lang='lat' dir='ltr'><strong>Nec</strong></span> <span class='ocrx_word' id='word_1_184' title='bbox 1101 2688 1167 2729; x_wconf 90' lang='lat' dir='ltr'><strong>non</strong></span> <span class='ocrx_word' id='word_1_185' title='bbox 1199 2663 1282 2728; x_wconf 91' lang='lat' dir='ltr'><strong>illud</strong></span> <span class='ocrx_word' id='word_1_186' title='bbox 1314 2664 1452 2730; x_wconf 90' lang='lat' dir='ltr'><strong>reddere</strong></span> <span class='ocrx_word' id='word_1_187' title='bbox 1534 2669 1535 2686; x_wconf 64' lang='lat'>¹</span> 
     </span>
     <span class='ocr_line' id='line_1_24' title="bbox 330 2764 1450 2854; baseline -0.004 -17"><span class='ocrx_word' id='word_1_188' title='bbox 330 2773 445 2837; x_wconf 89' lang='lat' dir='ltr'><strong>foenus</strong></span> <span class='ocrx_word' id='word_1_189' title='bbox 469 2768 605 2852; x_wconf 90' lang='lat' dir='ltr'><strong>aratris,</strong></span> <span class='ocrx_word' id='word_1_190' title='bbox 632 2766 723 2852; x_wconf 90' lang='lat' dir='ltr'><strong>quod</strong></span> <span class='ocrx_word' id='word_1_191' title='bbox 749 2788 846 2833; x_wconf 86' lang='lat' dir='ltr'><strong>versu</strong></span> <span class='ocrx_word' id='word_1_192' title='bbox 868 2771 920 2834; x_wconf 86' lang='grc'><strong>23.</strong></span> <span class='ocrx_word' id='word_1_193' title='bbox 944 2768 1080 2854; x_wconf 87' lang='lat' dir='ltr'><strong>legitur,</strong></span> <span class='ocrx_word' id='word_1_194' title='bbox 1109 2764 1362 2832; x_wconf 89' lang='lat' dir='ltr'><strong>Ciceronianum</strong></span> <span class='ocrx_word' id='word_1_195' title='bbox 1383 2777 1450 2846; x_wconf 81' lang='lat' dir='ltr'><strong>est3</strong></span> 
     </span>
     <span class='ocr_line' id='line_1_25' title="bbox 329 2868 1452 2955; baseline -0.006 -14"><span class='ocrx_word' id='word_1_196' title='bbox 329 2874 479 2941; x_wconf 82' lang='lat' dir='ltr'><strong>conferas</strong></span> <span class='ocrx_word' id='word_1_197' title='bbox 509 2872 595 2936; x_wconf 88' lang='lat' dir='ltr'><strong>enim</strong></span> <span class='ocrx_word' id='word_1_198' title='bbox 623 2868 696 2936; x_wconf 86' lang='lat' dir='ltr'><strong>Cat.</strong></span> <span class='ocrx_word' id='word_1_199' title='bbox 724 2871 808 2955; x_wconf 84' lang='lat' dir='ltr'><strong>Maj.</strong></span> <span class='ocrx_word' id='word_1_200' title='bbox 841 2872 889 2936; x_wconf 84' lang='lat'><strong>15.</strong></span> <span class='ocrx_word' id='word_1_201' title='bbox 917 2874 985 2938; x_wconf 68' lang='lat' dir='ltr'><strong>bb:</strong></span> <span class='ocrx_word' id='word_1_202' title='bbox 1018 2878 1107 2934; x_wconf 88' lang='lat' dir='ltr'><strong>terra</strong></span> <span class='ocrx_word' id='word_1_203' title='bbox 1139 2893 1224 2955; x_wconf 90' lang='lat' dir='ltr'><strong>quae</strong></span> <span class='ocrx_word' id='word_1_204' title='bbox 1240 2919 1371 2935; x_wconf 92' lang='grc'><strong>.....</strong></span> <span class='ocrx_word' id='word_1_205' title='bbox 1391 2894 1452 2935; x_wconf 91' lang='lat' dir='ltr'><strong>nec</strong></span> 
     </span>
     <span class='ocr_line' id='line_1_26' title="bbox 330 2967 1460 3062; baseline -0.004 -21"><span class='ocrx_word' id='word_1_206' title='bbox 330 2975 485 3062; x_wconf 83' lang='lat' dir='ltr'><strong>cuiquam</strong></span> <span class='ocrx_word' id='word_1_207' title='bbox 516 2975 585 3041; x_wconf 91' lang='lat' dir='ltr'><strong>sine</strong></span> <span class='ocrx_word' id='word_1_208' title='bbox 602 2973 714 3040; x_wconf 65' lang='lat' dir='ltr'><strong>&#39;usura</strong></span> <span class='ocrx_word' id='word_1_209' title='bbox 740 2971 864 3056; x_wconf 80' lang='lat' dir='ltr'><strong>reddit,</strong></span> <span class='ocrx_word' id='word_1_210' title='bbox 888 3022 896 3037; x_wconf 87' lang='lat'><em>.</em></span> <span class='ocrx_word' id='word_1_211' title='bbox 914 3023 921 3037; x_wconf 88' lang='lat'><strong>.</strong></span> <span class='ocrx_word' id='word_1_212' title='bbox 939 3023 946 3038; x_wconf 94' lang='lat'>.</span> <span class='ocrx_word' id='word_1_213' title='bbox 964 2972 1045 3040; x_wconf 92' lang='lat' dir='ltr'><strong>sed.</strong></span> <span class='ocrx_word' id='word_1_214' title='bbox 1063 3023 1071 3037; x_wconf 89' lang='lat'><strong>.</strong></span> <span class='ocrx_word' id='word_1_215' title='bbox 1088 3022 1096 3038; x_wconf 90' lang='lat'><strong>.</strong></span> <span class='ocrx_word' id='word_1_216' title='bbox 1113 2969 1304 3059; x_wconf 80' lang='lat' dir='ltr'><strong>plerumque</strong></span> <span class='ocrx_word' id='word_1_217' title='bbox 1326 2967 1460 3058; x_wconf 75' lang='lat' dir='ltr'><strong>majore¹¹</strong></span> 
     </span>
     <span class='ocr_line' id='line_1_27' title="bbox 331 3077 1313 3145; baseline -0.015 0"><span class='ocrx_word' id='word_1_218' title='bbox 331 3081 406 3145; x_wconf 90' lang='lat' dir='ltr'><strong>cum</strong></span> <span class='ocrx_word' id='word_1_219' title='bbox 427 3077 584 3144; x_wconf 81' lang='lat' dir='ltr'><strong>foenore.</strong></span> <span class='ocrx_word' id='word_1_220' title='bbox 652 3127 659 3142; x_wconf 90' lang='lat'><em>.</em></span> <span class='ocrx_word' id='word_1_221' title='bbox 1311 3085 1313 3092; x_wconf 63' lang='lat'><strong>¹</strong></span> 
     </span>
    </p>

    <p class='ocr_par' dir='ltr' id='par_1_7' title="bbox 323 3177 1017 3266">
     <span class='ocr_line' id='line_1_28' title="bbox 323 3177 1017 3266; baseline -0.012 -15"><span class='ocrx_word' id='word_1_222' title='bbox 323 3177 342 3200; x_wconf 48' lang='grc'><strong>”’</strong></span> <span class='ocrx_word' id='word_1_223' title='bbox 373 3192 376 3200; x_wconf 80' lang='grc'><em>“</em></span> <span class='ocrx_word' id='word_1_224' title='bbox 419 3186 480 3266; x_wconf 80' lang='grc'><strong>12,</strong></span> <span class='ocrx_word' id='word_1_225' title='bbox 504 3178 694 3265; x_wconf 88' lang='lat' dir='ltr'><strong>Sequuntur</strong></span> <span class='ocrx_word' id='word_1_226' title='bbox 716 3201 830 3245; x_wconf 86' lang='lat' dir='ltr'><strong>versus</strong></span> <span class='ocrx_word' id='word_1_227' title='bbox 852 3182 904 3245; x_wconf 83' lang='lat'><strong>28.</strong></span> <span class='ocrx_word' id='word_1_228' title='bbox 928 3203 1017 3265; x_wconf 88' lang='lat' dir='ltr'><strong>sqq.:</strong></span> 
     </span>
    </p>
   </div>
   <div class='ocr_carea' id='block_1_6' title="bbox 518 3299 1256 3634">
    <p class='ocr_par' dir='ltr' id='par_1_8' title="bbox 518 3299 1256 3634">
     <span class='ocr_line' id='line_1_29' title="bbox 519 3299 1256 3371; baseline -0.003 -16"><span class='ocrx_word' id='word_1_229' title='bbox 519 3301 572 3355; x_wconf 91' lang='lat' dir='ltr'><strong>Hic</strong></span> <span class='ocrx_word' id='word_1_230' title='bbox 588 3301 701 3355; x_wconf 94' lang='lat' dir='ltr'><strong>Phoebo</strong></span> <span class='ocrx_word' id='word_1_231' title='bbox 720 3301 804 3371; x_wconf 84' lang='lat' dir='ltr'><strong>digna</strong></span> <span class='ocrx_word' id='word_1_232' title='bbox 823 3304 851 3354; x_wconf 90' lang='lat' dir='ltr'><strong>et</strong></span> <span class='ocrx_word' id='word_1_233' title='bbox 868 3299 956 3353; x_wconf 87' lang='lat' dir='ltr'><strong>Musis</strong></span> <span class='ocrx_word' id='word_1_234' title='bbox 974 3301 1143 3356; x_wconf 87' lang='lat' dir='ltr'><strong>venerabere</strong></span> <span class='ocrx_word' id='word_1_235' title='bbox 1161 3305 1256 3356; x_wconf 91' lang='lat' dir='ltr'><strong>vatum</strong></span> 
     </span>
     <span class='ocr_line' id='line_1_30' title="bbox 520 3387 1208 3463; baseline 0 -21"><span class='ocrx_word' id='word_1_236' title='bbox 520 3388 574 3442; x_wconf 89' lang='lat' dir='ltr'><strong>Ora</strong></span> <span class='ocrx_word' id='word_1_237' title='bbox 592 3389 784 3456; x_wconf 80' lang='lat' dir='ltr'><strong>excellentem,</strong></span> <span class='ocrx_word' id='word_1_238' title='bbox 803 3387 887 3440; x_wconf 86' lang='lat' dir='ltr'><strong>saeris</strong></span> <span class='ocrx_word' id='word_1_239' title='bbox 906 3388 953 3456; x_wconf 86' lang='lat' dir='ltr'><strong>qui</strong></span> <span class='ocrx_word' id='word_1_240' title='bbox 972 3387 1094 3442; x_wconf 88' lang='lat' dir='ltr'><strong>carmine</strong></span> <span class='ocrx_word' id='word_1_241' title='bbox 1113 3388 1208 3463; x_wconf 77' lang='lat' dir='ltr'><strong>silvas·</strong></span> 
     </span>
     <span class='ocr_line' id='line_1_31' title="bbox 520 3473 1236 3544; baseline -0.001 -15"><span class='ocrx_word' id='word_1_242' title='bbox 520 3475 624 3542; x_wconf 82' lang='lat' dir='ltr'><strong>Quique</strong></span> <span class='ocrx_word' id='word_1_243' title='bbox 642 3473 788 3544; x_wconf 85' lang='lat' dir='ltr'><strong>Syracosia</strong></span> <span class='ocrx_word' id='word_1_244' title='bbox 810 3477 942 3528; x_wconf 89' lang='lat' dir='ltr'><strong>resonant</strong></span> <span class='ocrx_word' id='word_1_245' title='bbox 959 3473 1092 3530; x_wconf 90' lang='lat' dir='ltr'><strong>Helicona</strong></span> <span class='ocrx_word' id='word_1_246' title='bbox 1110 3475 1236 3530; x_wconf 80' lang='lat' dir='ltr'><strong>Camena.</strong></span> 
     </span>
     <span class='ocr_line' id='line_1_32' title="bbox 518 3553 1137 3634; baseline -0.011 -16"><span class='ocrx_word' id='word_1_247' title='bbox 518 3564 667 3632; x_wconf 88' lang='lat' dir='ltr'><strong>Promptae</strong></span> <span class='ocrx_word' id='word_1_248' title='bbox 685 3579 753 3634; x_wconf 82' lang='lat' dir='ltr'><strong>gens</strong></span> <span class='ocrx_word' id='word_1_249' title='bbox 771 3561 888 3632; x_wconf 89' lang='lat' dir='ltr'><strong>linguae.</strong></span> <span class='ocrx_word' id='word_1_250' title='bbox 1134 3553 1137 3562; x_wconf 85' lang='lat'>&#39;</span> 
     </span>
    </p>
   </div>
   <div class='ocr_carea' id='block_1_7' title="bbox 239 3680 1456 4286">
    <p class='ocr_par' dir='ltr' id='par_1_9' title="bbox 239 3680 1456 4286">
     <span class='ocr_line' id='line_1_33' title="bbox 330 3680 1452 3756; baseline -0.006 -1"><span class='ocrx_word' id='word_1_251' title='bbox 330 3690 408 3755; x_wconf 90' lang='lat' dir='ltr'><strong>Non</strong></span> <span class='ocrx_word' id='word_1_252' title='bbox 441 3709 517 3756; x_wconf 85' lang='lat' dir='ltr'><strong>raro</strong></span> <span class='ocrx_word' id='word_1_253' title='bbox 546 3681 662 3749; x_wconf 88' lang='lat' dir='ltr'><strong>Cicero</strong></span> <span class='ocrx_word' id='word_1_254' title='bbox 691 3681 812 3750; x_wconf 88' lang='lat' dir='ltr'><strong>Siculis</strong></span> <span class='ocrx_word' id='word_1_255' title='bbox 844 3681 929 3747; x_wconf 88' lang='lat' dir='ltr'><strong>hanc</strong></span> <span class='ocrx_word' id='word_1_256' title='bbox 961 3680 1091 3748; x_wconf 89' lang='lat' dir='ltr'><strong>laudern</strong></span> <span class='ocrx_word' id='word_1_257' title='bbox 1119 3684 1246 3749; x_wconf 83' lang='lat' dir='ltr'><strong>tribuit.</strong></span> <span class='ocrx_word' id='word_1_258' title='bbox 1292 3681 1452 3749; x_wconf 85' lang='lat' dir='ltr'><strong>Conferas</strong></span> 
     </span>
     <span class='ocr_line' id='line_1_34' title="bbox 332 3786 1452 3871; baseline -0.004 -15"><span class='ocrx_word' id='word_1_259' title='bbox 332 3792 432 3856; x_wconf 87' lang='lat' dir='ltr'><strong>enim:</strong></span> <span class='ocrx_word' id='word_1_260' title='bbox 460 3790 494 3855; x_wconf 91' lang='lat' dir='ltr'><strong>in</strong></span> <span class='ocrx_word' id='word_1_261' title='bbox 520 3789 617 3856; x_wconf 86' lang='lat' dir='ltr'><strong>Verr.</strong></span> <span class='ocrx_word' id='word_1_262' title='bbox 645 3790 676 3854; x_wconf 88' lang='grc'><strong>4.</strong></span> <span class='ocrx_word' id='word_1_263' title='bbox 699 3789 752 3854; x_wconf 88' lang='grc'><strong>43.</strong></span> <span class='ocrx_word' id='word_1_264' title='bbox 771 3788 842 3854; x_wconf 64' lang='lat' dir='ltr'><strong>aba</strong></span> <span class='ocrx_word' id='word_1_265' title='bbox 870 3789 1036 3871; x_wconf 83' lang='lat' dir='ltr'><strong>nunquam</strong></span> <span class='ocrx_word' id='word_1_266' title='bbox 1059 3796 1126 3852; x_wconf 88' lang='lat' dir='ltr'><strong>tam</strong></span> <span class='ocrx_word' id='word_1_267' title='bbox 1148 3787 1233 3851; x_wconf 90' lang='lat' dir='ltr'><strong>male</strong></span> <span class='ocrx_word' id='word_1_268' title='bbox 1256 3795 1308 3852; x_wconf 86' lang='lat' dir='ltr'><strong>est</strong></span> <span class='ocrx_word' id='word_1_269' title='bbox 1329 3786 1452 3853; x_wconf 89' lang='lat' dir='ltr'><strong>Siculis</strong></span> 
     </span>
     <span class='ocr_line' id='line_1_35' title="bbox 331 3887 1451 3979; baseline -0.004 -21"><span class='ocrx_word' id='word_1_270' title='bbox 331 3890 561 3979; x_wconf 27' lang='lat' dir='ltr'><strong>quinlaliquid</strong></span> <span class='ocrx_word' id='word_1_271' title='bbox 586 3890 691 3956; x_wconf 87' lang='lat' dir='ltr'><strong>facete</strong></span> <span class='ocrx_word' id='word_1_272' title='bbox 719 3897 751 3954; x_wconf 83' lang='lat' dir='ltr'><strong>et</strong></span> <span class='ocrx_word' id='word_1_273' title='bbox 773 3887 944 3955; x_wconf 91' lang='lat' dir='ltr'><strong>commode</strong></span> <span class='ocrx_word' id='word_1_274' title='bbox 965 3887 1091 3976; x_wconf 80' lang='lat' dir='ltr'><strong>dicant3</strong></span> <span class='ocrx_word' id='word_1_275' title='bbox 1114 3888 1156 3954; x_wconf 94' lang='lat' dir='ltr'><strong>de</strong></span> <span class='ocrx_word' id='word_1_276' title='bbox 1179 3887 1322 3955; x_wconf 86' lang='lat' dir='ltr'><strong>Oratore</strong></span> <span class='ocrx_word' id='word_1_277' title='bbox 1344 3891 1451 3968; x_wconf 72' lang='lat' dir='ltr'><strong>aer.</strong></span> 
     </span>
     <span class='ocr_line' id='line_1_36' title="bbox 239 3989 1453 4080; baseline -0.008 -14"><span class='ocrx_word' id='word_1_278' title='bbox 239 4008 241 4012; x_wconf 82' lang='lat'>&#39;</span> <span class='ocrx_word' id='word_1_279' title='bbox 331 4000 421 4080; x_wconf 67' lang='lat' dir='ltr'><strong>arr:</strong></span> <span class='ocrx_word' id='word_1_280' title='bbox 441 3994 552 4078; x_wconf 84' lang='lat' dir='ltr'><strong>inveni</strong></span> <span class='ocrx_word' id='word_1_281' title='bbox 568 4043 575 4059; x_wconf 92' lang='lat'><strong>.</strong></span> <span class='ocrx_word' id='word_1_282' title='bbox 593 4044 600 4058; x_wconf 95' lang='lat'><em>.</em></span> <span class='ocrx_word' id='word_1_283' title='bbox 617 4043 625 4058; x_wconf 87' lang='lat'><strong>.</strong></span> <span class='ocrx_word' id='word_1_284' title='bbox 643 4042 650 4059; x_wconf 92' lang='lat'><strong><em>.</em></strong></span> <span class='ocrx_word' id='word_1_285' title='bbox 668 3993 755 4060; x_wconf 87' lang='lat' dir='ltr'><strong>salsa</strong></span> <span class='ocrx_word' id='word_1_286' title='bbox 777 3992 881 4073; x_wconf 85' lang='lat' dir='ltr'><strong>multa</strong></span> <span class='ocrx_word' id='word_1_287' title='bbox 903 3989 1122 4072; x_wconf 70' lang='lat' dir='ltr'><strong>Graecorum</strong></span> <span class='ocrx_word' id='word_1_288' title='bbox 1145 4015 1220 4058; x_wconf 89' lang='lat' dir='ltr'><strong>nam</strong></span> <span class='ocrx_word' id='word_1_289' title='bbox 1243 4001 1276 4057; x_wconf 92' lang='lat' dir='ltr'><strong>et</strong></span> <span class='ocrx_word' id='word_1_290' title='bbox 1291 3991 1453 4072; x_wconf 76' lang='lat' dir='ltr'><strong>Siculiin</strong></span> 
     </span>
     <span class='ocr_line' id='line_1_37' title="bbox 333 4082 1401 4185; baseline -0.005 -21"><span class='ocrx_word' id='word_1_291' title='bbox 333 4121 384 4180; x_wconf 69' lang='lat' dir='ltr'><strong>eo⁴</strong></span> <span class='ocrx_word' id='word_1_292' title='bbox 394 4119 512 4185; x_wconf 79' lang='lat' dir='ltr'><strong>genere</strong></span> <span class='ocrx_word' id='word_1_293' title='bbox 527 4146 534 4161; x_wconf 91' lang='lat'><em>.</em></span> <span class='ocrx_word' id='word_1_294' title='bbox 552 4146 560 4162; x_wconf 90' lang='lat'><strong>.</strong></span> <span class='ocrx_word' id='word_1_295' title='bbox 577 4146 584 4162; x_wconf 92' lang='lat'><strong>.</strong></span> <span class='ocrx_word' id='word_1_296' title='bbox 602 4146 609 4162; x_wconf 91' lang='lat'><strong>.</strong></span> <span class='ocrx_word' id='word_1_297' title='bbox 633 4082 811 4180; x_wconf 83' lang='lat' dir='ltr'><strong>excellunt3</strong></span> <span class='ocrx_word' id='word_1_298' title='bbox 835 4117 894 4182; x_wconf 91' lang='lat' dir='ltr'><strong>pro</strong></span> <span class='ocrx_word' id='word_1_299' title='bbox 918 4094 1043 4162; x_wconf 89' lang='lat' dir='ltr'><strong>Scauro</strong></span> <span class='ocrx_word' id='word_1_300' title='bbox 1067 4101 1115 4164; x_wconf 91' lang='lat'><strong>11.</strong></span> <span class='ocrx_word' id='word_1_301' title='bbox 1131 4099 1200 4164; x_wconf 68' lang='lat'><strong>24:</strong></span> <span class='ocrx_word' id='word_1_302' title='bbox 1223 4083 1401 4174; x_wconf 65' lang='lat' dir='ltr'><strong>..Siculifr</strong></span> 
     </span>
     <span class='ocr_line' id='line_1_38' title="bbox 337 4195 1456 4286; baseline -0.005 -19"><span class='ocrx_word' id='word_1_303' title='bbox 337 4199 429 4286; x_wconf 89' lang='lat' dir='ltr'><strong>atqui</strong></span> <span class='ocrx_word' id='word_1_304' title='bbox 467 4198 614 4266; x_wconf 88' lang='lat' dir='ltr'><strong>homines</strong></span> <span class='ocrx_word' id='word_1_305' title='bbox 651 4199 828 4286; x_wconf 89' lang='lat' dir='ltr'><strong>prudentes</strong></span> <span class='ocrx_word' id='word_1_306' title='bbox 865 4207 999 4280; x_wconf 90' lang='lat' dir='ltr'><strong>natura,</strong></span> <span class='ocrx_word' id='word_1_307' title='bbox 1037 4195 1147 4263; x_wconf 86' lang='lat' dir='ltr'><strong>callidi</strong></span> <span class='ocrx_word' id='word_1_308' title='bbox 1185 4219 1264 4281; x_wconf 87' lang='lat' dir='ltr'><strong>usu,</strong></span> <span class='ocrx_word' id='word_1_309' title='bbox 1303 4196 1456 4278; x_wconf 79' lang='lat' dir='ltr'><strong>doctrina</strong></span> 
     </span>
    </p>
   </div>
   <div class='ocr_carea' id='block_1_8' title="bbox 0 0 1559 4880">
    <p class='ocr_par' dir='ltr' id='par_1_10' title="bbox 0 0 1559 4880">
     <span class='ocr_line' id='line_1_39' title="bbox 0 0 1559 4880; baseline 0 0"><span class='ocrx_word' id='word_1_310' title='bbox 0 0 1559 4880; x_wconf 95' lang='lat' dir='ltr'><strong> </strong></span> 
     </span>
    </p>
   </div>
  </div>
 </body>
</html>
