3096 4880
798 293 860 360 104

275 490 426 547 auctores
455 478 548 562 sequi
575 477 742 555 maluerit3
776 476 818 542 de
844 500 909 562 qua
936 499 970 541 re
1002 478 1211 542 conferantur
1237 499 1277 540 ea
1304 500 1387 562 quae

274 607 375 669 supra
396 607 427 667 p.
454 586 505 649 82.
533 580 675 645 diximus
697 579 754 644 ubi
776 589 891 644 contra
906 578 1039 643 Livium
1061 590 1094 644 et
1117 579 1293 667 Polybium
1309 577 1390 644 Car-

275 686 419 772 thaginis
442 685 558 748 Novae
584 683 786 770 praefectum
813 706 879 746 non
901 681 1079 768 Magonem
1101 683 1159 750 sed
1181 683 1267 746 Arin
1288 683 1389 747 fuisse

276 788 379 856 Silius
402 787 497 870 dicit,
525 795 656 850 secutus
679 786 850 852 Valerium
871 785 1042 849 Antiatem
1065 807 1161 868 quem
1183 785 1300 850 Livius
1323 786 1343 849 l.
1365 785 1387 848 l.

276 900 442 956 auctorem
469 889 702 953 nominaverat.
745 887 863 972 Neque
891 886 1007 951 dubito
1036 888 1115 971 quin
1136 888 1171 950 in
1193 887 1389 951 carminibus

278 993 363 1076 Silii,
390 1015 487 1077 quem
514 1014 553 1054 cx
575 990 816 1074 antiquioribus
845 990 1062 1076 scriptoribus
1088 1013 1154 1054 non
1179 1013 1285 1076 pauca
1310 989 1389 1052 hau-

276 1096 358 1162 sisse
381 1093 687 1176 demonstravimus,
715 1091 959 1178 deperditarum
981 1092 1189 1177 antiquitatis
1215 1092 1393 1157 monimen-

276 1207 386 1263 torum
409 1198 513 1261 multa
534 1194 675 1279 vestigia
696 1195 806 1260 insint.

365 1297 465 1382 Quod
486 1321 563 1362 voro
588 1294 630 1360 ad
652 1308 803 1362 ornatum
818 1299 983 1383 poeticum
999 1298 1116 1362 attinet
1137 1296 1298 1382 imprimis
1319 1296 1394 1359 imi-

279 1412 368 1467 tatus
408 1411 457 1468 est
503 1401 688 1486 Vergilium,
730 1407 801 1463 tum
837 1400 994 1482 Enniam,
1032 1399 1173 1484 denique
1209 1399 1392 1474 Homerum,

277 1514 444 1592 postremo
477 1505 555 1568 alios
581 1515 701 1589 poetae.
752 1501 799 1566 Et
825 1503 994 1568 Homerum
1026 1503 1159 1587 quidem
1183 1503 1396 1588 Mariamque,

279 1609 420 1674 fortasse
456 1607 616 1672 Valeriam
641 1605 790 1670 Flaccum
817 1628 949 1691 quoque
972 1614 1103 1672 secutus
1130 1604 1182 1670 dis
1204 1604 1396 1690 deabusque

279 1712 313 1775 in
335 1711 432 1776 rebus
448 1709 599 1797 gerendis
615 1731 749 1794 magnas
771 1708 890 1772 tribuit
911 1717 1037 1795 partes3
1061 1731 1101 1772 ex
1119 1707 1231 1773 Ovidio
1246 1707 1396 1793 singulas

279 1813 409 1880 fabulas
436 1834 619 1899 parvasque
645 1811 907 1877 narratiunculas
933 1809 1058 1895 hausit,
1091 1834 1132 1875 ex
1158 1810 1293 1874 Horatio
1322 1833 1397 1876 sen-

278 1917 399 1980 tentias
421 1916 562 1979 maxime
584 1914 711 2000 poetice
733 1912 849 1978 dictas.
893 1913 1157 1999 Descriptionem
1186 1922 1294 1977 autem
1317 1912 1397 1980 Sar-

280 2019 389 2084 diniae
410 2019 536 2082 insulae
562 2017 685 2099 Ennio,
708 2015 840 2083 Siciliae
866 2015 1018 2100 Ciceroni,
1045 2017 1181 2081 Africae
1202 2015 1331 2080 Lucano
1362 2025 1398 2080 et

282 2119 452 2202 Sollentia,
484 2127 522 2182 ut
556 2119 637 2184 alios
671 2119 836 2202 omittam,
874 2119 986 2198 debet3
1027 2120 1108 2184 alias
1140 2120 1291 2206 regiones
1324 2119 1397 2205 ipse

280 2222 424 2287 viderat:
444 2229 482 2284 ut
496 2222 613 2287 Asiam
627 2222 795 2305 minorem,
817 2221 875 2284 ubi
889 2244 949 2307 pro
965 2224 1098 2287 consule
1112 2223 1229 2287 fuerat.
1267 2223 1398 2286 Multae

283 2326 366 2389 aliae
385 2341 440 2389 res
467 2346 551 2407 quae
579 2323 648 2388 sive
676 2322 719 2388 ad
740 2325 975 2410 geographiam
1004 2325 1072 2390 sive
1095 2324 1137 2388 ad
1158 2323 1398 2412 mythologiam

282 2428 351 2492 sive
373 2426 415 2490 ad
437 2425 652 2490 eruditionem
668 2427 884 2510 antiquariam
903 2436 1053 2513 spectant
1073 2450 1151 2492 num
1172 2428 1310 2492 haustae
1332 2428 1401 2491 sint

282 2553 323 2594 ex
350 2529 415 2593 alio
445 2528 605 2614 scriptore
633 2529 690 2593 vix
722 2538 834 2616 potest
860 2519 1096 2610 demonstrarii
1126 2552 1200 2594 cum
1225 2553 1304 2595 vero
1330 2554 1398 2595 non

283 2632 327 2696 sit
356 2653 415 2694 cur
446 2631 519 2696 illas
552 2654 604 2696 res
637 2631 680 2696 ad
713 2654 808 2697 suum
841 2633 1012 2697 arbitrium
1044 2633 1176 2698 finxerit
1208 2655 1398 2698 censeamus

283 2742 415 2819 oportet
442 2757 482 2798 ex
510 2733 605 2799 bonis
632 2734 779 2800 fontibus
802 2734 920 2802 Silium
946 2735 1094 2801 hausisse
1117 2745 1150 2799 et
1171 2758 1304 2821 gravem
1327 2759 1400 2801 esse

284 2837 331 2901 eis
353 2837 387 2901 in
409 2837 506 2902 rebus
536 2845 718 2920 auctorem,
748 2861 844 2922 quem
868 2839 960 2923 sequi
982 2839 1157 2925 possimus.
1201 2839 1315 2904 Unum
1335 2836 1399 2901 hoc

283 2941 356 3004 loco
379 2938 499 3004 addere
520 2940 627 3003 liceat.
671 2939 804 3005 Dixerit
827 2942 910 3006 enim
933 2942 1073 3007 fortasse
1095 2942 1273 3027 quispiam:
1296 2939 1398 3024 quid?

284 3064 390 3106 nonne
417 3042 487 3106 fieri
514 3043 623 3127 potuit
650 3050 688 3104 ut
713 3052 885 3128 poetarum
912 3044 1074 3127 nonnulli,
1107 3067 1190 3128 quos
1218 3053 1256 3106 tu
1284 3042 1399 3108 dixisti

286 3144 368 3211 Silio
397 3144 498 3209 fuisse
523 3145 648 3228 fontes,
682 3169 722 3209 ex
749 3144 831 3212 Silio
860 3148 932 3233 ipso
959 3146 1148 3222 hauserint?
1181 3145 1258 3210 Hoc
1290 3155 1399 3210 tamen

284 3270 378 3333 nego.
423 3245 524 3312 Silius
548 3248 632 3311 enim
660 3251 729 3332 jam
759 3250 851 3315 annis
880 3249 1106 3332 suadentibus,
1133 3257 1170 3312 ut
1198 3250 1245 3313 ait
1272 3248 1400 3312 Plinius

285 3351 381 3437 epist.
415 3353 446 3431 3,
482 3353 510 3415 7.
545 3349 586 3413 ab
618 3351 700 3415 urbe
733 3352 869 3417 secessit
900 3362 933 3416 et
966 3352 1101 3416 carmini
1134 3375 1193 3416 suo
1228 3351 1399 3416 scribendo

286 3476 419 3540 operam
441 3449 520 3515 dare
542 3460 704 3536 coeperat.
748 3453 861 3538 Atque
877 3477 950 3518 cum
969 3457 1037 3539 jam
1059 3454 1143 3520 libro
1165 3454 1264 3518 tertio
1279 3478 1310 3518 v.
1327 3457 1399 3522 594.

287 3559 401 3624 -629,
425 3554 584 3618 bellorum
606 3555 728 3619 mentio
750 3555 809 3620 fiat
831 3579 914 3642 quae
929 3557 1140 3622 Domitianus
1160 3566 1275 3621 contra
1289 3556 1401 3621 Dacos

287 3656 479 3740 Cathosque
505 3656 609 3742 gessit
636 3666 668 3720 et
696 3656 817 3743 duplex
844 3659 1029 3745 triumphus
1053 3659 1092 3724 de
1115 3660 1180 3723 illis
1202 3660 1332 3745 populis
1355 3660 1401 3743 (a.

288 3784 320 3844 p.
345 3757 405 3824 Ch.
429 3783 460 3823 n.
484 3763 534 3825 91.
550 3759 604 3822 vel
620 3761 689 3845 92.)
711 3759 787 3824 libri
809 3763 899 3826 tertii
921 3785 1019 3827 versu
1042 3768 1114 3831 614.
1139 3764 1303 3845 innuatur,
1327 3785 1404 3825 con·

288 3860 418 3925 cludere
440 3862 518 3925 licet
539 3870 646 3926 totum
669 3861 743 3929 Silii
766 3886 895 3928 carmen
917 3875 991 3936 ante
1014 3889 1132 3931 annum
1156 3889 1188 3951 p.
1213 3863 1272 3929 Ch.
1296 3888 1326 3928 n.
1351 3868 1401 3931 96.

289 3971 346 4028 aut
361 3967 411 4031 98.
429 3963 471 4027 ad
494 3963 589 4028 finem
604 3989 669 4029 non
692 3989 763 4032 esse
784 3964 987 4053 perductum.
1032 3968 1187 4033 Lucanus
1210 3977 1318 4032 autem
1336 3969 1403 4052 jam

290 4090 318 4130 a.
348 4089 378 4150 p.
411 4063 470 4129 Ch.
499 4069 549 4133 65.
578 4078 728 4135 mortuus
761 4079 827 4148 est3
861 4070 1064 4154 (conferatur
1092 4073 1205 4137 Vacca
1237 4071 1270 4133 in
1298 4068 1334 4134 C.
1364 4070 1403 4134 F.

288 4168 427 4237 Weber:
461 4168 548 4232 vitae
580 4169 630 4235 M.
665 4171 795 4237 Annaei
827 4173 955 4237 Lucani
987 4175 1158 4239 collectae:
1194 4197 1253 4240 sua
1286 4181 1403 4259 sponte
