3096 4880
784 291 845 356 102

255 478 299 541 ut'
314 476 462 542 homines
484 476 550 560 illi,
572 475 692 562 quibus
713 476 876 542 clarorum
897 475 1043 541 virorum
1066 484 1099 539 et
1120 495 1234 562 regum
1255 485 1373 562 poten-

255 580 458 645 tissimorum
485 579 617 644 nomina
649 587 725 644 sunt
751 580 890 663 tributa,
917 579 1049 644 minime
1076 577 1271 643 cohaereant
1297 601 1374 642 curn

256 683 342 747 veris
380 681 554 747 historiae·
573 681 771 747 hominibus.
825 683 916 747 Inter
954 703 1037 766 quae
1074 681 1206 746 nomina
1238 682 1374 767 propria

256 793 385 872 praeter
405 784 528 850 Nabim
550 785 623 869 (lib.
648 787 698 868 15,
720 787 822 870 aba),
845 783 1035 851 Viriathum
1057 785 1103 868 (5,
1123 786 1225 869 261),
1247 806 1372 870 paucos

257 888 354 971 alios,
382 887 480 952 etiam
505 886 586 951 haec
612 888 782 973 leguntur,
816 909 901 970 quae
928 887 1037 951 omnia
1065 886 1153 972 apud
1176 885 1371 953 Sallustium

202 1055 204 1060 .
256 990 475 1058 inveniuntur.
520 988 577 1055 Sic
591 989 759 1054 inducitur
779 989 835 1054 lib.
858 994 889 1073 2,
912 1014 941 1053 v.
962 991 1030 1058 165.
1053 990 1157 1074 miles,
1180 989 1233 1053 cui
1255 1012 1371 1054 nomen

257 1103 308 1160 est
334 1091 508 1178 Iugurtha·
539 1113 638 1156 versu
665 1095 736 1160 160.
768 1091 915 1176 ejusdem
945 1092 1022 1156 libri
1047 1092 1132 1156 Juba
1158 1101 1191 1156 et
1216 1092 1372 1177 Micapsa3

255 1201 286 1279 3,
308 1199 382 1264 285.
404 1193 559 1276 Bocchus,
588 1195 645 1278 qui
665 1193 888 1280 Hesperidum
909 1194 1025 1260 hortos
1046 1194 1189 1277 viderat,
1219 1194 1240 1257 i.
1264 1217 1291 1258 e.·
1314 1216 1373 1257 rex

255 1296 498 1374 Mauretaniae3
531 1296 587 1360 lib.
614 1299 650 1380 5,
682 1301 754 1366 261.
791 1297 927 1380 lalana,
955 1298 1096 1363 fortasse
1123 1305 1231 1361 autem
1257 1296 1373 1362 Volux

255 1399 414 1486 legendus
442 1406 507 1482 est,
536 1400 594 1483 qui
620 1399 684 1463 fuit
709 1399 796 1466 filius
823 1399 962 1484 Bocchi,
990 1400 1194 1484 (conferatur
1221 1397 1374 1465 Sallustii

256 1503 331 1567 bell.
355 1501 513 1588 Jugurth.
540 1504 739 1588 cap.105.);
767 1502 823 1567 lib.
846 1508 880 1586 l,
907 1528 938 1567 v.
965 1507 1038 1571 408.
1061 1511 1175 1568 vastae
1202 1497 1374 1568 Nasamon

257 1604 367 1692 Syrtis
393 1605 573 1691 populator
599 1605 772 1691 Hiempsal.
817 1605 903 1672 Sunt
930 1614 1038 1670 autem
1065 1614 1234 1691 praeterea
1261 1605 1375 1668 etalii

256 1708 334 1791 loci,
357 1707 476 1793 quibus
506 1707 723 1806 demonstrari
749 1716 860 1794 potest
882 1707 1032 1775 Sallustii
1057 1707 1160 1773 libros
1187 1701 1312 1773 Silium
1327 1707 1374 1770 le-

257 1812 354 1897 gisse.
398 1810 477 1876 Non
498 1833 572 1875 raro
596 1811 736 1875 enimin
757 1810 892 1875 Africae
916 1811 991 1893 situ,
1014 1810 1129 1892 forma,
1152 1809 1300 1892 urbibus,
1323 1831 1374 1873 re-

256 1913 425 2000 gionibus,
451 1913 583 1999 populis
610 1912 833 1979 describendis
860 1911 1054 1979 Sallustium
1082 1920 1213 1978 secutus
1242 1910 1374 1976 videtur

257 2038 339 2081 esse.
387 2014 444 2081 Sic
477 2014 656 2081 Sallustius
688 2023 801 2080 narrat
833 2015 873 2080 de
906 2015 992 2080 bello
1024 2015 1182 2102 Jugurth.
1217 2037 1287 2100 cap.
1323 2018 1372 2082 10.

257 2117 390 2203 Leptim
413 2141 432 2181 a
454 2117 674 2183 Phoenicibus
702 2140 774 2183 esse
803 2117 977 2183 conditam.
1022 2119 1139 2202 Itaque
1163 2116 1264 2184 Silius
1292 2115 1374 2180 dicit

256 2219 313 2286 lib.
341 2225 378 2304 3,
405 2223 496 2290 256.:

384 2340 535 2396 Sabrathra
552 2345 613 2394 turn
630 2341 743 2410 Tyrium
760 2342 858 2411 vulgus
877 2341 1049 2410 Sarranaque
1067 2341 1162 2412 Leptis
1183 2382 1189 2395 .
1209 2381 1215 2394 .
1235 2381 1242 2393 .

256 2461 329 2526 Nec
361 2485 427 2526 non
459 2484 516 2526 eae
548 2461 660 2546 urbes,
694 2485 777 2547 quae
810 2463 959 2528 versibus
994 2462 1204 2548 sequentibus
1232 2485 1372 2527 comme-

257 2572 444 2627 morantur:
481 2565 613 2651 Hippo,
647 2566 759 2651 Vaga,
792 2565 908 2649 Zama,
943 2565 1025 2629 aliae
1058 2564 1147 2651 apud
1180 2563 1375 2631 Sallustium

258 2664 497 2732 describuntur.
550 2667 636 2732 Tum
674 2668 817 2732 fabulam
857 2668 946 2731 illam
988 2666 1028 2732 de
1061 2667 1227 2732 Philaenis
1264 2667 1376 2732 fratri-

257 2768 319 2833 bus
352 2767 694 2856 Carthaginiensibus,
732 2793 830 2854 quam
861 2779 974 2835 narrat
1007 2769 1184 2838 Sallustius
1223 2769 1263 2834 de
1300 2770 1375 2834 bell.

259 2871 338 2957 lug.
363 2895 433 2958 cap.
457 2877 519 2956 79,
543 2872 662 2958 quibus
685 2872 842 2938 fratribus
866 2896 939 2937 cum
962 2896 996 2938 se
1012 2896 1168 2957 suamque
1187 2873 1289 2937 vitam
1312 2873 1376 2936 rei·

258 2974 409 3060 publicae
431 2974 705 3041 condonavissent
728 2974 1017 3061 Carthaginienses
1039 2975 1086 3040 ibi
1109 2999 1182 3042 aras
1205 2999 1375 3040 consecra-

258 3097 348 3159 vere,
381 3077 452 3160 ubi,
484 3087 522 3141 ut
550 3078 676 3163 patriae
705 3078 785 3144 fines
813 3079 1011 3165 proferrent,
1041 3079 1108 3143 vivi
1134 3077 1244 3143 obruti
1272 3085 1376 3160 erant,

259 3187 371 3243 notam
393 3179 495 3244 fuisse
517 3179 599 3246 Silio
623 3190 759 3268 apparet
781 3206 822 3245 ex
844 3204 941 3247 versu
963 3185 1034 3250 101.
1058 3180 1133 3245 libri
1157 3185 1222 3248 15.:

430 3299 489 3366 Qua
505 3301 615 3356 celebre
633 3303 729 3356 invicti
747 3319 850 3356 nomen
867 3311 986 3373 posuere
1004 3301 1137 3370 Philaeni,
1156 3343 1162 3354 .
1183 3343 1189 3355 .
1209 3344 1214 3354 .

260 3403 412 3489 Denique
444 3427 559 3471 versus
591 3410 663 3475 570.
697 3408 775 3472 libri
808 3408 921 3495 primi:

580 3529 764 3598 grassandum
787 3529 822 3581 ad
840 3528 915 3582 clara
932 3529 1053 3598 periclis,

258 3630 301 3694 ad
322 3630 473 3698 Sallustii
494 3631 594 3697 verba
617 3631 747 3698 videtur
769 3642 927 3719 spectare,
949 3655 1033 3717 quae
1055 3634 1209 3719 leguntur
1231 3631 1272 3696 de
1298 3632 1374 3696 bell.

260 3732 338 3819 Jug.
377 3756 448 3819 cap.
488 3741 533 3804 l.:
575 3734 633 3799 ubi
669 3733 712 3799 ad
747 3735 888 3823 gloriam
923 3737 978 3800 via
1015 3736 1150 3801 virtutis
1189 3743 1375 3822 grassatur3

259 3843 425 3919 postremo
446 3861 511 3902 non
532 3838 659 3923 dubito,
680 3839 760 3923 quin
782 3861 896 3905 versus
919 3838 995 3905 libri
1014 3840 1092 3904 noni
1111 3843 1185 3907 406.
1208 3847 1241 3903 et
1261 3842 1351 3906 lua:

451 3959 528 4014 Velle
545 3977 578 4014 ao
595 3960 668 4014 nolle
687 3961 822 4015 ambobus
840 3960 924 4029 idem,
943 3960 1100 4027 sociataque
1118 3964 1178 4014 toto

450 4046 529 4100 Mens
547 4065 616 4104 aevo
635 4089 642 4102 .
661 4090 667 4102 .
687 4090 693 4102 .
715 4091 720 4102 .

260 4162 446 4230 adumbrati
473 4168 539 4233 sint
568 4169 610 4236 ad
638 4169 721 4236 illud
743 4170 995 4255 Sallustianum,
1023 4169 1112 4256 quod
1133 4170 1254 4257 legitur
1276 4168 1374 4233 Catil.
