3096 4880
718 270 756 335 51

383 453 492 509 Liuius.
992 455 1095 512 Oiuera

181 557 255 611 ultra
284 558 439 628 inquireret
470 560 626 630 sineretque
650 561 708 616 iata
774 565 898 629 vertere,
917 563 944 616 et
962 579 1025 616 eum
1043 559 1303 631 admiratumquae·

180 647 209 700 in
232 649 343 702 oeoulto
366 665 435 704 esse.
774 650 844 704 sisse
862 649 898 704 de
915 649 978 718 deo,
995 649 1135 718 quodnam
1147 651 1218 706 illud
1230 654 1305 706 esset

776 741 832 794 tale
854 745 1010 794 monstrum
1034 744 1063 794 et
1086 740 1166 795 deam
1189 757 1304 810 respon-

777 828 850 883 disse
868 825 1033 882 vastitatem
1046 845 1106 881 esse
1118 815 1215 882 ltaliae
1226 845 1305 898 prae·

777 916 938 988 cepisseque
960 921 992 968 ut
1013 920 1144 985 pergeret
1164 916 1306 986 protinus,

777 1003 845 1072 quid
871 1007 948 1056 retro
976 1007 1057 1070 atque
1082 1020 1098 1056 a
1119 1007 1200 1074 tergo
1227 1003 1307 1058 fieret

776 1109 811 1144 ne
828 1091 975 1144 laboraret.

184 1262 346 1330 Videmus
379 1265 481 1350 igitur
514 1265 577 1330 hoo
610 1264 773 1332 somnium
810 1287 876 1328 nou
909 1263 1022 1330 fiotum
1055 1287 1126 1331 esse
1159 1290 1179 1332 a
1211 1267 1306 1354 Silio,

184 1366 242 1434 sed
265 1392 284 1432 a
307 1365 418 1434 Sileno
440 1367 583 1440 fortasse
606 1369 712 1454 primo
734 1375 913 1450 narratum,
936 1390 1034 1450 quem
1058 1366 1191 1434 Coelius
1215 1393 1306 1436 seeu-

184 1478 238 1535 tus
262 1471 315 1536 sit.
359 1469 414 1534 Ex
436 1471 535 1556 hujus
558 1480 667 1536 autem
683 1471 856 1555 scriptoria
871 1469 965 1535 libris
981 1470 1069 1534 illam
1085 1474 1307 1538 narrationem

185 1572 365 1638 hauserunt
387 1583 419 1638 et
443 1571 571 1658 Cicero,
593 1574 651 1659 qui
665 1573 753 1637 huno
768 1572 898 1657 saepius
914 1595 1012 1656 quam
1035 1582 1161 1640 ceteros
1176 1576 1308 1642 illorum

185 1686 370 1762 temporum
397 1677 575 1762 scriptores
603 1675 766 1758 laudavit,
796 1672 853 1756 (ad
879 1672 970 1758 quod
999 1677 1209 1742 conferantur
1238 1679 1308 1745 Cic.

187 1777 282 1845 Orat.
299 1783 349 1848 69.
366 1802 457 1865 para.
473 1782 564 1856 229.;
587 1777 628 1842 de
651 1776 787 1843 deorum
803 1786 923 1841 natura
942 1776 999 1841 lib.
1016 1783 1047 1862 2,
1070 1801 1140 1866 cap.
1164 1785 1193 1849 3.
1217 1783 1244 1867 §.
1261 1787 1307 1862 8.;

67 1921 71 1928 ·
185 1883 226 1947 de
248 1882 451 1946 divinatione
465 1881 522 1945 lib.
546 1881 573 1963 I,
597 1903 624 1946 e.
648 1885 700 1950 24.
724 1881 751 1964 ἓ.
771 1884 840 1958 48.;
863 1883 915 1962 35,
938 1884 994 1958 77;
1017 1885 1075 1964 26,
1098 1886 1155 1962 55;
1179 1887 1235 1967 26,
1251 1889 1308 1965 56;

186 1993 219 2049 61
240 1985 294 2049 hie
316 1986 408 2049 loeus
435 1984 476 2048 de
503 2007 570 2068 quo
592 1983 797 2069 disputatur,
830 1983 888 2067 qui
920 1983 986 2047 loci
1018 2007 1146 2070 omnes,
1180 1985 1309 2053 duobus

186 2089 305 2174 eapitis
327 2091 379 2155 26.
408 2086 484 2150 111111
512 2085 609 2173 primi
636 2085 678 2150 de
705 2085 908 2150 divinatione
931 2086 1091 2171 exeeptis,
1120 2087 1161 2152 ad
1188 2089 1310 2155 bellum

187 2191 348 2254 Punicum
372 2190 510 2254 alterum
534 2191 716 2274 spectant,)
743 2197 777 2253 et
798 2189 927 2272 Liuius,
951 2189 1008 2272 qui
1033 2187 1138 2254 Caelii
1166 2195 1310 2258 auctori-

186 2302 288 2358 tatem
310 2293 443 2378 plurimi
466 2293 662 2375 aestimavit,
684 2293 825 2356 multum
838 2314 914 2355 eum
936 2292 1132 2378 exscripsit,
1145 2317 1210 2359 nou
1233 2319 1309 2361 raro

188 2396 270 2460 alios
298 2395 406 2460 fontes
435 2417 512 2459 suos
539 2416 580 2458 ex
597 2381 723 2460 ‘Coelio
753 2393 898 2479 expleuit
925 2391 1153 2476 (conferantur
1174 2402 1231 2481 21,
1258 2405 1310 2484 38,

187 2503 221 2577 7;
244 2502 297 2579 46,
322 2501 375 2575 10;
398 2502 450 2581 47,
472 2502 509 2577 4;
532 2503 584 2581 22,
606 2502 659 2580 31,
682 2501 717 2576 8;
740 2500 792 2580 26,
818 2500 867 2580 11,
890 2500 925 2574 8;
952 2501 1006 2579 27,
1028 2503 1081 2581 27,
1106 2505 1159 2584 11,;
1182 2506 1234 2586 28,
1258 2509 1310 2587 46,

189 2605 241 2680 11;
264 2605 317 2684 25,
343 2609 375 2679 13
398 2603 454 2682 29,
477 2604 534 2684 27,
564 2605 618 2679 14;
646 2603 703 2683 35,
730 2601 778 2685 2).
822 2598 941 2682 Neque
962 2607 1072 2663 tamen
1095 2611 1211 2686 pariare
1233 2606 1310 2671 licet

188 2728 228 2768 ex
259 2701 374 2768 Coelio
408 2703 527 2770 Silium
560 2726 691 2788 quoque
713 2702 878 2786 hausisse,
911 2710 948 2765 ut
982 2702 1095 2766 sileam
1128 2705 1168 2769 de
1197 2707 1309 2774 Sileno

188 2831 284 2893 quem
307 2814 397 2871 certo
419 2829 486 2870 non
507 2806 598 2891 legit.
642 2804 713 2871 Ubi
735 2804 822 2869 enim
845 2803 978 2869 Coelius
1002 2814 1034 2869 et
1050 2805 1153 2874 Silius
1168 2831 1309 2897 congru-

187 2919 264 2994 unt,
293 2918 350 2974 aut
376 2909 494 2974 Livius
522 2917 579 2973 aut
607 2905 722 2972 Cicero
750 2907 864 2972 eadem
886 2929 927 2971 ex
950 2905 1064 2973 Coelio
1086 2911 1239 2996 tradunt,
1269 2913 1311 2981 ad

189 3037 289 3098 quam
318 3035 387 3076 rem
413 3011 626 3076 conferantur
652 3019 782 3096 praeter
802 3010 891 3074 huno
913 3010 1022 3076 locum
1045 3011 1173 3098 dequo
1196 3015 1310 3104 dispu-

189 3126 297 3181 tamus
319 3125 352 3180 et
374 3115 436 3179 illi:

276 3223 316 3302 1.,
340 3217 441 3284 Silius
463 3224 577 3282 narrat
598 3216 654 3282 lib.
678 3217 715 3299 5,
742 3241 774 3280 v.
798 3217 849 3283 53.
874 3239 945 3300 sqq.
969 3215 1168 3283 Flaminium
1191 3243 1310 3286 oonsu-

188 3321 252 3385 lem
274 3321 376 3384 variis
398 3318 560 3406 prodigiis
583 3326 658 3383 ante
680 3341 825 3404 pugnam
848 3318 890 3383 ad
905 3319 1143 3385 Trasumenum
1159 3324 1310 3387 6611111116-

189 3447 259 3488 sam
282 3424 501 3510 perterritum,
524 3431 635 3486 tamen
657 3430 772 3486 eontra
794 3421 930 3486 deorum
950 3424 1153 3488 voluntatem
1176 3435 1208 3489 et
1231 3426 1311 3489 ami-

189 3549 302 3608 corum
324 3548 437 3612 preces
461 3547 604 3610 pugnam
628 3525 839 3590 commisisse.
884 3525 978 3589 Haeo
1001 3525 1154 3612 prodigia
1177 3525 1311 3594 Coelius

189 3651 320 3712 quoque
353 3626 502 3711 tradidit,
537 3625 594 3693 sed
629 3650 670 3692 ex
701 3649 740 3692 eo
771 3651 810 3692 ea
837 3638 1070 3693 recensuerunt
1104 3627 1221 3694 Cicero
1255 3631 1312 3715 (de

190 3729 326 3794 divinat.
349 3730 405 3794 lib.
431 3733 465 3813 l,
492 3733 543 3798 35.
573 3733 623 3798 77.
647 3739 680 3794 61
703 3733 782 3817 78.,)
804 3738 836 3794 et
857 3729 976 3795 Livius
998 3731 1139 3796 fortasse
1161 3731 1229 3816 (22.
1252 3736 1312 3820 3.,)

190 3832 247 3917 qui
269 3842 378 3895 tamen
401 3833 458 3896 illo
480 3832 554 3895 loeo
578 3830 726 3898 Coelium
749 3857 815 3898 non
838 3833 992 3918 appellat.

274 3939 317 4017 2.,
340 3933 469 3997 Deinde
484 3933 586 3999 Silius
608 3943 720 3998 narrat
742 3935 798 3998 lib.
823 3939 873 4017 10,
889 3957 937 3999 vo.
960 3937 1033 4002 375.
1057 3937 1107 4004 76.
1131 3937 1312 4024 Magonem

190 4047 267 4124 post
293 4049 436 4123 pugnam
468 4034 670 4100 Cannensem
697 4035 878 4100 Hannibali
905 4045 943 4099 111
968 4036 1107 4102 Romam
1135 4039 1240 4126 ipsam
1263 4043 1312 4104 in-

190 4141 325 4206 vaderet
347 4137 544 4225 persuadere
567 4136 743 4205 studuisse.
788 4138 881 4260 Diuit
903 4140 988 4204 enim
1016 4142 1073 4208 illo
1096 4143 1168 4208 loco
1192 4145 1311 4228 Mago:

1032 4249 1067 4302 4*
