3096 4880
655 283 696 348 39

114 469 261 554 pleatur,
284 470 408 554 poterit
428 469 521 533 ille·
507 491 542 530 aa
574 467 655 531 hanc
685 467 801 532 libram
826 469 952 533 initiam
980 468 1106 584 quidem
1132 490 1237 533 rerum

114 571 377 635 Hannibalisl
330 594 363 636 rc
364 573 478 657 impare
525 568 589 634 Cui
616 571 664 634 rei
690 570 777 634 infra
803 572 975 682 apparebit
995 570 1139 657 proximi
1160 570 1238 636 libri

114 675 273 758 reliquias
295 697 361 738 non
384 673 543 739 obstare“
567 721 699 738 ......

201 781 272 860 29,
304 774 528 861 Elephanti
520 775 581 862 1git
582 799 622 838 ur
659 755 709 840 illi
741 775 799 861 qui
835 784 1043 842 terrorems
1027 779 1237 862 stragemque

115 888 277 944 auxerant
310 903 330 943 a
355 877 513 943 Romanis
546 878 671 944 verutis
709 879 803 944 fortit
789 887 840 944 ter
871 877 1028 965 conjectis
1067 887 1235 945 necantur.

116 982 287 1065 Quaeres
310 979 507 1046 describitur
528 980 584 1045 lib.
606 985 638 1064 4,
659 1004 691 1045 v.
714 984 802 1049 clu:

315 1103 376 1157 Stat
393 1101 480 1156 multa
497 1101 526 1154 in
543 1104 623 1172 tergo
642 1106 670 1157 ct
687 1102 810 1174 nigranti
827 1102 924 1158 lancea
942 1103 1036 1157 dorso.

115 1207 258 1294 Saepius
281 1207 364 1271 enim
387 1205 488 1273 Silius
510 1205 700 1290 elephantos
723 1215 813 1272 atros
832 1208 886 1272 vel
900 1207 1013 1294 nigros
1036 1206 1134 1286 dicit,
1157 1229 1235 1272 con·

114 1312 202 1376 feras
226 1310 310 1374 euim
337 1308 392 1374 lib.
417 1313 452 1392 9,
478 1333 510 1373 v.
537 1311 625 1376 oto:
656 1309 834 1395 appellitur
860 1318 933 1374 atra
959 1309 1052 1375 Mole
1073 1309 1158 1388 fera3
1175 1359 1182 1374 .
1201 1360 1234 1375 ..

116 1414 188 1478 sive
215 1417 249 1496 9,
277 1415 364 1480 bit:
391 1411 525 1476 Liventi
551 1411 650 1476 dorso
682 1413 784 1478 turris
811 1449 853 1459 -
876 1411 967 1478 sedet
983 1463 991 1477 .
1009 1463 1016 1478 .
1034 1463 1042 1477 .
1059 1462 1083 1496 .,
1107 1413 1176 1478 sive
1204 1415 1235 1496 9,
1302 1469 1305 1477 .
1364 1393 1366 1400 ¹

115 1520 194 1584 240:
221 1515 469 1602 propugnacula
494 1513 594 1578 dorso
623 1514 728 1577 Belua
750 1514 895 1600 nigranti
917 1523 1121 1601 gestans...
1145 1513 1236 1579 deni-

116 1642 179 1703 que
202 1619 229 1684 si
251 1616 389 1683 Nikolai
410 1616 543 1681 Heinsii
569 1617 803 1701 conjecturam,
824 1640 897 1681 mea
919 1615 1051 1702 quidem
1074 1617 1236 1682 sententia

114 1722 240 1786 felicem
264 1720 454 1806 accipimuS,
476 1718 533 1782 lib.
557 1722 588 1802 3,
610 1742 641 1782 v.
663 1721 754 1787 463:

292 1841 331 1895 At
349 1829 440 1910 gregis
458 1839 559 1906 illapsu
577 1837 759 1894 fremebundo
778 1839 893 1894 territus
911 1843 986 1894 atras

183 1941 185 1945 ·
293 1927 417 1997 Expavit
433 1926 521 1981 moles
539 1925 692 1980 Rhodanus
705 1967 782 1981 .....
792 1925 877 1998 (atras
895 1945 947 1995 pro
966 1926 1057 1996 acris).

113 2051 237 2117 Exstat
259 2057 368 2113 autem
389 2047 489 2112 Ennii
510 2048 702 2115 versuculus
724 2050 826 2134 (inter
848 2051 909 2114 ino.
934 2048 1000 2115 sed.
1024 2050 1106 2135 frag.
1129 2051 1235 2135 465.):

471 2153 498 2206 It
515 2153 627 2222 nigrum
645 2153 751 2222 campis
770 2171 879 2224 agmen,
1242 2223 1244 2230 Ι

116 2282 213 2344 quem
228 2259 269 2323 de
285 2256 465 2344 elephantis
481 2281 552 2324 esse
567 2256 691 2323 dictum
714 2257 849 2325 Servius
871 2259 906 2322 in
921 2257 1006 2323 Aen.
1029 2258 1091 2325 IV.
1114 2283 1145 2322 v.
1160 2261 1233 2327 404.

115 2385 176 2428 nos
210 2361 321 2445 docet,
355 2360 412 2426 ubi
444 2359 525 2426 haec
551 2359 664 2426 eadem
691 2362 791 2427 verba
819 2361 876 2427 sed
905 2360 945 2426 de
971 2361 1117 2427 formicis
1146 2360 1234 2425 dicta

90 2467 276 2552 leguntur.
299 2502 340 2512 —
435 2451 439 2464 ⁹

198 2573 262 2651 30,
283 2567 387 2633 Libro
411 2575 504 2633 sexto
526 2566 628 2634 Silius
650 2567 871 2632 narrationem
893 2565 933 2631 de
947 2565 1075 2653 Regulo
1099 2567 1236 2630 carmini

114 2693 174 2737 suo
207 2671 358 2734 intexuit.
404 2667 507 2755 Cujus
541 2670 663 2754 oratio,
695 2693 762 2754 qua
794 2669 885 2756 pacis
918 2667 1040 2734 condit
1017 2677 1123 2734 tronea
1156 2675 1241 2753 cap-'

113 2776 258 2839 tivorum
284 2694 540 2858 redemptirinem
562 2770 749 2856 dissuadet,
776 2797 808 2837 a.
831 2777 905 2840 467.
929 2794 1000 2856 sqq.
1023 2778 1147 2854 exstat,
1176 2771 1234 2834 ubi

113 2876 194 2941 haec
215 2876 368 2962 leguntur
390 2874 490 2939 verba
512 2875 559 2959 (u.
582 2873 710 2960 479):
1117 2889 1119 2893 ’
1159 2883 1163 2892 “

265 2997 304 3049 At
292 3000 379 3049 tnon
396 2995 534 3064 Carthago
551 2994 679 3050 fraudum
697 2995 835 3064 domus,'
827 2995 914 3049 mscia
931 2997 1065 3063 quantum

266 3084 390 3138 Enobis
408 3087 496 3137 restet
498 3083 636 3152 ,juvenes
654 3088 793 3152 parat...

265 3171 308 3227 Ite
326 3171 405 3225 dolos
424 3176 531 3240 contra,
549 3188 673 3240 gensque
689 3176 751 3225 astu
769 3125 865 3224 fallere
883 3171 955 3224 laeta

266 3261 364 3314 Discat
382 3277 426 3313 me
445 3264 509 3328 capt
511 3277 527 3313 o
546 3264 680 3328 quantum
702 3259 768 3325 tibi,
790 3258 893 3325 Roma,
916 3257 1045 3325 supersit.

118 3377 280 3447 Credibile
308 3389 359 3446 est
380 3379 481 3444 Ennii
508 3401 637 3445 versum
661 3380 762 3464 (inter
790 3380 852 3443 inc.
882 3377 949 3444 sed.
977 3378 1060 3465 frag.
1079 3365 1118 3444 r.
1141 3380 1231 3464 486.)

116 3484 149 3547 in
170 3485 267 3550 simili
289 3471 397 3548 rerum
419 3483 605 3548 narratione
627 3483 742 3548 fuisse:

264 3606 339 3659 Dum
356 3605 468 3673 quidem
486 3622 557 3658 unus
575 3605 658 3658 homo
677 3605 817 3660 Romanus
836 3607 903 3674 toga
921 3603 1081 3674 superescit.

198 3731 262 3812 31,
294 3727 463 3792 Hannibal
496 3727 647 3793 omnibus
680 3728 769 3814 agris
803 3727 890 3791 circa
920 3726 1059 3790 vastatis
1093 3723 1143 3789 ab
1165 3747 1230 3790 uuo

119 3829 210 3894 Fabii
233 3852 312 3915 agro
335 3830 456 3892 ferrum
478 3830 651 3914 ignemque
674 3838 707 3894 et
729 3831 795 3894 vim
817 3827 962 3894 hostium
985 3826 1141 3892 abstineri
1159 3829 1231 3912 jus-

121 3941 218 4016 serat,
251 3940 294 4022 ut
319 3932 440 3998 occulti
467 3932 604 4015 alicujus
632 3932 720 4016 pacti
748 3954 786 3994 ea
817 3953 940 3995 merces
969 3927 1074 3993 videri
1107 3939 1229 4036 pqsset.

118 4033 200 4100 Istas
222 4043 331 4099 tamen
354 4033 553 4118 suspitiones
575 4039 607 4096 et
629 4033 794 4096 infamiam
812 4031 934 4098 Fabius
949 4055 1013 4096 non
1028 4032 1174 4117 timebat,
1198 4031 1231 4095 id

121 4137 203 4218 quod
225 4137 326 4205 Silius
349 4136 405 4200 lib.
429 4139 460 4220 7,
482 4160 512 4201 v.
535 4138 608 4204 999.
632 4136 678 4200 sic
701 4135 801 4199 dixit:
