3096 4880
465 469 563 526 Silius.

248 613 272 666 3.
307 611 367 666 300.
403 607 603 679 Marmaridae,
637 611 776 666 medicum

283 696 391 766 vulgus,
410 701 553 766 strepuere
571 699 705 768 catervis;

247 782 293 838 Ad
310 800 427 852 quorum
445 789 543 839 cantus
556 801 670 854 serpens
689 787 777 842 oblita

282 871 382 926 veneni

249 1000 255 1012 .
269 1001 276 1013 .
289 999 296 1011 .
309 999 316 1011 .
328 960 410 1014 mites
426 960 545 1029 jacuere.

249 1048 272 1099 1.
291 1047 356 1103 569:
373 1051 500 1116 tempore
516 1046 617 1104 Martis
635 1048 777 1104 Utendum

284 1138 328 1189 cst
344 1139 434 1204 rapto.

248 1223 272 1276 2.
285 1224 328 1278 59.
339 1214 495 1276 Hammone
505 1222 551 1278 hie
559 1223 680 1296 genitus,
690 1225 777 1280 Phor·

283 1310 397 1378 cynidos
415 1315 496 1366 antra
513 1309 646 1368 Medusae

248 1398 470 1468 Cinyphiumque
490 1398 602 1469 Macen,
630 1404 659 1454 et
680 1400 776 1470 iniquo

284 1502 300 1539 e
318 1487 377 1540 sole
395 1487 515 1541 calentes

249 1572 394 1628 Battiadas
416 1574 472 1628 late
496 1575 615 1644 imperio
645 1577 776 1647 sceptris·

285 1677 338 1728 que
355 1662 484 1732 regebat;

248 1750 274 1804 3.
308 1749 368 1804 565.
392 1737 464 1817 ¹Quo
498 1750 598 1820 Trojae
637 1756 776 1808 extremos

284 1837 399 1906 cineres,
417 1855 579 1907 sacramque
590 1840 708 1907 ruinam,
725 1839 777 1894 As·

285 1925 427 1993 semeique
448 1927 547 1995 larem,
573 1929 600 1981 et
618 1927 719 1982 Vestae
736 1945 777 1983 se·

285 2017 361 2068 creta
378 2011 499 2068 feramus
513 2056 518 2067 .
533 2055 559 2068 ..

1028 471 1170 527 Maurus.

835 613 860 666 9.
878 613 944 667 891:
964 611 1038 666 Gens
1055 612 1138 667 unica
1155 614 1245 666 terras

834 698 936 754 Incolit
954 717 970 753 a
983 715 1065 754 saevo
1078 703 1239 769 serpentum
1251 699 1363 754 innoxia

871 803 967 840 morsu

836 874 1022 929 Marmaridae
1040 875 1140 944 Psylli:

836 1049 878 1118 10.
900 1049 962 1106 507.
986 1048 1086 1106 Caesar
1110 1049 1231 1104 feliciter
1255 1067 1364 1121 semper

870 1155 936 1191 usus
949 1177 955 1190 .
969 1178 976 1190 .
988 1142 1117 1207 tempore
1133 1142 1223 1207 rapte.

835 1227 861 1281 9.
878 1225 943 1280 624:
961 1224 1010 1279 ubi
1027 1223 1135 1282 fervida
1152 1225 1236 1280 tellus
1252 1225 1366 1296 Accipit

871 1311 1365 1383 Oceanum‚demiss0solecalentem,

835 1398 1005 1468 Squalebant
1021 1401 1078 1456 late
1089 1400 1281 1470 Phorcynidos
1297 1417 1366 1456 arva

869 1485 1002 1543 Medusae

835 1573 900 1630 Non
917 1591 1064 1630 nemorum
1085 1579 1214 1647 protecta
1237 1593 1327 1631 coma.
1340 1617 1363 1628 ..

836 1749 944 1806 Eodem
977 1750 1076 1806 ordine
1109 1751 1267 1807 Palladium
1302 1769 1365 1806 cum

870 1839 1022 1894 Penatibus
1049 1841 1078 1892 et
1103 1838 1168 1908 igne
1195 1855 1274 1894 sacro
1301 1856 1366 1893 con·

868 1926 995 1995 junctum
1012 1925 1140 1981 Lucanus
1158 1931 1358 1982 commemorat

836 2013 884 2069 lib.
902 2017 927 2070 9.
945 2031 971 2068 v.
991 2015 1054 2070 990:
1078 2014 1107 2068 di
1126 2015 1259 2083 cinerum,
1277 2014 1365 2082 Phry-

871 2101 931 2171 gias
950 2100 1042 2156 colitis
1061 2102 1217 2169 quicunque
1235 2101 1338 2168 ruinas,

835 2190 1001 2257 Aeneaeque
1018 2189 1089 2256 mei,
1107 2205 1176 2257 quos
1194 2207 1268 2244 nune
1284 2187 1366 2244 Lavi-

872 2278 919 2332 nia
937 2276 1016 2331 sedes

835 2364 934 2420 Servat
955 2368 985 2419 et
1000 2364 1089 2420 Albae
1112 2364 1183 2420 lares
1203 2370 1231 2419 et
1248 2381 1366 2432 quorum

871 2452 946 2508 lueet
963 2454 993 2506 in
1010 2453 1066 2507 aris

822 2539 912 2610 'Ignis
930 2539 1021 2596 adhue
1037 2539 1175 2608 Phrygius
1188 2580 1276 2594 .....

334 2797 492 2884 Sequitur
514 2799 692 2886 descriptio
720 2799 834 2886 templi
863 2808 895 2864 et
917 2799 1060 2865 nemoris
1082 2810 1115 2866 et
1137 2799 1245 2864 cultus
1269 2800 1366 2866 Jovis

250 2901 456 2985 Hammonis,
474 2925 558 2988 quae
578 2912 687 2970 exstat
710 2902 797 2988 apud
819 2902 937 2970 Silium
957 2903 1013 2968 lib.
1028 2906 1060 2987 3,
1080 2928 1111 2968 y.
1127 2907 1189 2971 666
1205 2925 1276 2988 sqq.
1313 2901 1366 2967 De

249 3027 316 3088 qua
338 3004 450 3069 eadem
471 3027 506 3069 re
529 3005 684 3070 Lucanus
706 3004 761 3069 lib.
785 3008 820 3088 9,
842 3031 873 3071 v.
896 3009 958 3074 511
982 3028 1053 3091 sqq.
1077 3005 1219 3091 scripsit.
1264 3004 1366 3091 Apud

249 3105 420 3173 Lucanum
448 3106 534 3172 enim
561 3104 661 3191 Cato,
689 3106 777 3194 apud
799 3107 917 3188 Silium
938 3109 1062 3175 Bostar
1089 3107 1185 3174 deum
1209 3107 1366 3186 consulit3

249 3208 291 3275 de
319 3210 394 3274 luco
423 3231 527 3296 opaco
555 3218 589 3274 et
610 3232 797 3294 nemorose,
826 3208 867 3274 de
893 3211 985 3276 fonte
1011 3211 1069 3295 qui
1095 3211 1211 3276 silvam
1238 3211 1366 3296 irrigat,

249 3311 290 3378 de
312 3311 471 3378 molestiis
498 3313 635 3396 itineris,
658 3335 742 3396 quae
757 3312 907 3378 omnibus
930 3312 973 3378 ad
993 3313 1151 3399 templum
1171 3313 1366 3378 adeuntibus

249 3424 346 3480 antea
371 3413 560 3479 tolerandae
588 3423 680 3498 sunt,
708 3425 845 3500 uterque
873 3416 1035 3504 congruit.
1078 3415 1168 3481 Nolo
1195 3425 1304 3481 tamen
1325 3439 1366 3479 ne

248 3519 367 3605 longus
390 3517 452 3584 sim
472 3515 570 3602 hujus
592 3519 790 3584 narrationis
805 3540 919 3585 versus
943 3517 1090 3605 singulos
1114 3518 1243 3585 addere.
1288 3521 1366 3584 Alia

249 3620 399 3709 exempla
419 3628 497 3688 sunt
518 3619 613 3686 haee:

465 3776 563 3834 aazias.

1032 3777 1173 3835 Lucanus.

250 3916 276 3972 4.
303 3916 346 3971 27.
373 3916 511 3974 Deserere
537 3919 637 3974 larem:
664 3921 780 3988 portant
839 3919 863 3974 1.
894 3917 954 3974 504.
984 3917 1096 3976 Nullam
1125 3919 1184 3988 jam
1218 3920 1351 3991 languide

285 4003 441 4066 cervicibus
459 4022 557 4076 aegras

251 4089 376 4146 Attoniti
425 4097 544 4163 matres,
593 4093 779 4164 dueentesque

286 4177 387 4234 ultima
404 4175 450 4234 fila

792 4019 793 4024 ’
873 4022 941 4061 aevo

837 4093 950 4149 Evaluit
961 4111 1093 4150 revocare
1104 4111 1215 4165 parens,
1229 4094 1366 4163 eonjuxvc

874 4182 1005 4238 maritum
