3096 4880
640 278 682 344 45

90 468 267 553 Vipstano
289 465 447 531 Messala.
493 462 577 528 Cum
599 486 677 528 vero
707 485 869 547 nusquam
897 460 985 547 apud
1007 459 1126 528 Silium
1153 460 1220 524 ulla

90 569 242 655 vestigia
263 591 304 633 ex
326 568 446 653 quibus
469 566 578 632 Taciti
604 567 660 632 vel
683 566 772 631 illius
799 565 965 630 Messalae
991 564 1094 629 libros
1122 571 1219 628 notos

91 672 204 737 fuisse
226 669 308 738 Silio
332 678 499 756 appareat,
522 677 667 753 exstent,
689 667 830 732 maxime
851 665 988 730 dubium
1010 689 1082 732 esse
1103 688 1219 731 censeo

92 797 179 838 num
200 775 248 838 illi
269 773 392 848 fuerint
408 780 558 837 auctores
572 771 671 857 hujus
694 767 844 856 episodii.
889 768 1123 834 Fortassehoc
1137 791 1220 853 quo-

93 900 163 960 que
195 873 379 963 episodium
406 883 444 937 ut
471 874 535 938 alia
569 873 734 958 (conferas
768 895 806 938 aa
832 895 917 958 quae
943 893 1018 957 pag.
1040 875 1092 939 32.
1109 908 1151 918 -
1166 873 1218 938 34.

93 977 375 1063 disputavimus),
403 975 512 1041 Ennio
540 974 637 1041 debet
664 974 783 1059 Silius,
812 984 911 1060 atque
938 996 1069 1040 versum
1094 971 1219 1038 Ennia-

93 1103 177 1144 num
200 1080 308 1165 (283.)

339 1181 450 1236 Cartare
468 1181 569 1236 abnuo.
604 1186 698 1236 metuo
716 1181 872 1252 legionibus
890 1179 982 1234 labem

92 1287 131 1350 in
158 1287 258 1353 simili
284 1287 482 1352 narrationis
512 1307 639 1351 conexu
665 1285 768 1352 fuisse
795 1308 862 1351 non
889 1284 1044 1372 negabis,
1072 1285 1101 1350 si
1129 1305 1218 1349 com-

93 1389 267 1475 paraveris
290 1412 363 1454 oum
385 1411 423 1454 eo
446 1410 560 1454 versus
583 1387 728 1455 Silianos
750 1387 806 1452 lib.
830 1392 861 1473 9,
883 1412 914 1452 v.
939 1391 1010 1456 134.
1035 1410 1122 1471 sqq.:

302 1509 435 1564 Ourarnm
452 1509 507 1562 tibi
523 1508 615 1577 prima
633 1513 726 1564 tamen
745 1510 795 1576 sit,
813 1513 890 1575 nate,
913 1507 1017 1563 referre

300 1595 419 1649 Ductori
436 1595 556 1651 monitus
574 1596 681 1665 Paullo,
699 1596 854 1666 producere
871 1596 976 1650 bellurn

301 1683 421 1752 Nitatnr,
439 1684 588 1753 Poenoque
605 1688 689 1754 neget
706 1682 856 1738 certamina
872 1682 979 1737 Martis.

460 1809 549 1825 .....
562 1788 677 1850 quaeso,
697 1770 826 1826 cohibete
843 1769 980 1825 furentem

301 1891 455 1946 Varronem
467 1931 551 1946 .....

539 2051 648 2070 ......
665 2012 729 2085 fuge
746 2013 860 2083 proelia,
879 2013 980 2068 Varro!

182 2138 246 2217 43,
270 2131 354 2197 Cum
377 2131 560 2199 Cannensis
587 2157 716 2221 pugnae
738 2134 827 2220 apud
850 2134 968 2201 silium
990 2137 1026 2218 9,
1048 2138 1120 2203 311.
1144 2156 1216 2220 sqq.

97 2237 318 2323 descriptione
332 2235 516 2304 Vahlenius
533 2238 718 2323 comparari
728 2237 824 2323 jubet
836 2238 927 2324 (pag.
940 2237 1091 2323 LXIII..)
1102 2260 1217 2304 versus

97 2339 279 2405 Ennianos:

113 2463 174 2517 286.
297 2461 416 2529 Jamque
433 2459 490 2514 fere
507 2461 600 2529 pulvis
618 2460 654 2514 ad
672 2460 780 2515 caelum
797 2465 877 2515 vasta
892 2460 1012 2516 videtur.

113 2553 173 2607 287.
297 2548 406 2602 Hastati
423 2553 560 2618 spargunt
576 2549 681 2617 hastas,
699 2547 733 2602 fit
749 2547 854 2604 ferreus
872 2547 962 2602 imber

113 2639 175 2694 288.
299 2635 459 2690 Densantur
477 2635 580 2704 campis
598 2636 742 2690 horrentia
759 2636 815 2692 tela
832 2635 965 2690 virorum.

96 2742 217 2828 quibus
239 2741 388 2807 versibus
411 2739 498 2805 addo
520 2762 651 2807 versum
671 2744 762 2810 28l.:

279 2843 469 2912 Consequitur.
505 2860 613 2898 summo
633 2837 725 2898 sonitu
743 2845 833 2914 quatit
850 2846 953 2916 nagida
971 2862 1099 2914 campum

114 2938 142 2988 88
159 2934 222 2989 522:
353 2929 422 2984 Inde
439 2930 494 2985 loci
512 2931 597 2984 lituus
622 2927 729 2986 sonitus
748 2932 847 2986 effudit
864 2936 969 2988 acutos.

97 3037 306 3122 Quamquam
327 3033 511 3101 Vahlenius
538 3036 559 3103 l.
574 3036 595 3100 l.
619 3037 689 3122 ipse
715 3037 839 3102 fatetur
861 3036 1023 3122 ejusmodi
1044 3060 1159 3104 versus
1181 3038 1216 3103 in

94 3141 184 3206 nulla
211 3161 323 3227 pugna
348 3137 458 3202 locum
487 3136 606 3204 habere
633 3163 699 3204 non
729 3163 837 3226 posse.
883 3138 1042 3206 Conferas
1069 3141 1155 3206 enim
1181 3150 1214 3204 et

94 3242 152 3308 lib.
172 3246 204 3326 4,
226 3266 257 3306 v.
281 3243 331 3309 94.
355 3263 443 3326 sqq,
466 3241 586 3325 quibus
614 3266 725 3329 pugna
751 3242 793 3307 ad
814 3242 967 3307 Ticinum
989 3243 1078 3310 facta
1099 3242 1213 3330 depin-

91 3345 196 3432 gitur:

226 3465 330 3520 Verum
347 3466 397 3521 ubi
416 3470 556 3522 commoto
574 3466 728 3520 docuerunt
743 3467 858 3534 pulvere
875 3467 963 3522 nubes

226 3552 343 3608 Hostem
361 3552 434 3607 ferre
450 3553 581 3624 gradnm3
597 3554 636 3608 'et
653 3553 768 3622 propius
787 3554 957 3623 propiusque
976 3570 1077 3609 sonoro

227 3639 443 3709 Quadrupedum
461 3659 547 3695 cornu
564 3642 646 3696 tellus
664 3641 761 3712 gemit,
779 3659 811 3696 ao
830 3641 912 3696 simul
929 3659 992 3697 acer

226 3725 391 3781 Vincentum
409 3728 494 3782 lituos
511 3728 636 3783 hinnitus
655 3729 744 3786 saevit
762 3745 896 3797 equorum
909 3768 998 3786 .....

176 3850 246 3930 44.,
274 3846 377 3912 Libro
400 3851 435 3930 8,
465 3873 496 3912 v.
519 3852 707 3918 358.-623.
734 3851 850 3936 copiae
878 3871 962 3933 quae
989 3870 1030 3911 ex
1057 3846 1210 3913 universa

92 3952 190 4020 Italia
212 3958 288 4016 ante
310 3972 454 4036 pugnam
470 3948 672 4016 Cannensem
688 3952 893 4036 conscriptae
907 3949 1064 4016 Romania
1087 3950 1210 4016 auxilio

93 4063 247 4121 venerant
280 4061 498 4120 recensentur.
548 4050 640 4116 Inter
672 4075 755 4136 quos
788 4053 896 4119 socios
929 4051 1032 4120 Silius
1063 4053 1208 4138 Marsos,

94 4157 257 4242 Pelignos,
281 4156 439 4225 Vestinos
462 4152 728 4220 commemoravit
751 4164 783 4219 et
805 4153 868 4220 hoc
890 4155 1022 4240 quidem
1045 4155 1173 4222 ordine:
