3096 4880
816 294 857 360 92

276 499 347 543 1111
374 476 415 542 11)
442 476 525 544 Silio
553 477 610 542 lib.
636 502 667 542 v.
693 481 756 547 496
784 500 873 563 sqq.,
901 477 958 543 ubi
986 475 1027 542 de
1053 485 1151 542 vento
1173 477 1391 544 vehementis-

276 580 358 646 simo
382 579 465 666 agit,
492 581 550 664 qui
571 580 606 644 in
627 603 739 667 pugno
762 577 926 646 Cannensi
947 579 1132 645 Poenorum
1155 581 1222 644 tela
1244 579 1391 666 adjuvat,

274 681 431 748 Romanis
458 691 566 746 autem
592 683 695 747 multo
722 683 856 769 pulvere
877 683 911 747 in
937 683 1011 768 ipsa
1040 705 1099 747 ora
1125 681 1286 748 volvendo
1313 705 1391 768 pro-

276 792 423 870 spectum
440 783 556 850 adimit
573 806 728 869 armaque
743 785 850 871 eripit.
896 783 1054 851 Conferas
1076 786 1162 850 enim
1184 783 1244 850 hos
1259 807 1391 851 versus:

279 955 382 1025 Silius,
400 957 447 1012 lib.
467 959 491 1013 9.
511 974 536 1010 1.
555 957 620 1012 505:
639 955 806 1010 Sternuntur
861 957 1009 1026 Ducanus,
1033 957 1082 1010 lib.
1106 959 1138 1033 9„
1155 956 1222 1012 4641
1244 957 1393 1024 nullusque

309 1047 410 1100 tellure
428 1049 457 1103 11
474 1045 555 1098 miles
575 1049 602 1098 et
620 1061 697 1098 arma
709 1045 804 1098 tubae·
894 1047 990 1112 potest
1009 1045 1159 1099 consistere
1177 1043 1267 1113 miles,
1334 1098 1338 1104 ,

310 1147 364 1199 que

274 1219 367 1287 Atque
391 1220 482 1274 omnis
508 1222 584 1273 retro
611 1217 679 1273 flatu
700 1218 803 1273 111111-
857 1219 1000 1274 Instabilis
1024 1219 1112 1288 raptis
1131 1219 1229 1288 etiam,
1248 1235 1316 1288 quas
1334 1219 1391 1273 cal·

310 1310 389 1361 sante
406 1305 526 1361 refertur
895 1311 948 1376 cat,
967 1307 1066 1361 arenis.

274 1394 391 1462 Lancea,
405 1397 434 1448 et
445 1394 475 1446 in
486 1398 596 1463 tergum
605 1393 715 1448 Rutulis
728 1393 803 1449 cadit
861 1394 1028 1450 Concuteret
1057 1398 1161 1462 terras,
1190 1394 1352 1463 orbemque¹
1374 1413 1394 1448 a

309 1481 405 1536 irritus
423 1481 503 1535 ictus.
896 1483 961 1538 sede
979 1485 1113 1550 moveret,
1131 1522 1238 1537 ......

274 1570 367 1638 Atque
385 1569 459 1623 idem
477 1568 559 1625 flatus
570 1570 727 1625 Poenorum
744 1568 802 1624 tela
860 1571 1003 1640 Nusquam
1020 1569 1149 1625 luctando
1169 1569 1278 1624 stabilis
1296 1572 1393 1622 manet

309 1657 470 1727 secundant,

273 1745 311 1800 Et
328 1746 405 1800 velut
422 1748 532 1800 amento
545 1748 673 1801 contorta
690 1745 802 1802 hastilia
858 1746 956 1800 Galeas
975 1748 1003 1800 et
1020 1749 1099 1800 scuta
1115 1745 1239 1799 virorum

309 1834 393 1888 turbo
859 1833 974 1901 Pilaque
998 1833 1134 1888 contorsit
1157 1833 1280 1888 violento
1310 1831 1391 1900 spiri·

273 1920 454 1990 Adjuvat...
894 1926 939 1975 tus
958 1925 1083 1976 actu...

357 2128 522 2214 Niphates
544 2129 719 2194 Armeniae
745 2138 795 2194 est
823 2153 932 2214 mons,
962 2129 1003 2194 de
1032 2134 1097 2214 qua
1126 2151 1161 2193 re
1182 2127 1392 2193 conferantur

274 2232 437 2297 Horatius
466 2230 535 2314 (od.
563 2231 619 2295 lib.
648 2236 684 2315 2,
707 2235 737 2299 9.
760 2235 829 2318 20.)
852 2231 972 2308 Strabo
996 2233 1064 2317 (11.
1088 2229 1388 2317 1521111111-

273 2335 337 2401 lius
359 2332 501 2419 (Georg.
528 2335 665 2419 131),
691 2334 783 2398 Mela
804 2337 851 2421 (1.
877 2339 925 2402 15.
948 2337 1012 2421 2.),
1034 2334 1130 2398 multi
1153 2333 1218 2398 alii.
1264 2329 1390 2396 Contra

274 2435 363 2522 apud
399 2435 517 2502 Silium
549 2445 582 2501 et
614 2437 786 2530 Lucanum
818 2436 983 2524 Niphates
1013 2444 1063 2503 est
1095 2435 1228 2515 flumen3
1267 2435 1389 2521 legitur

273 2539 358 2603 enim
373 2536 468 2624 ,apud

272 2692 371 2747 Silium
384 2692 427 2748 13.
446 2693 508 2748 765:
528 2692 580 2761 Qui
593 2692 708 2762 Gangen
720 2693 800 2762 bibit,
861 2700 887 2750 ct
905 2695 983 2763 apud
1000 2694 1147 2750 Lucanum
1164 2695 1189 2748 3.
1207 2693 1273 2749 245:
1292 2693 1388 2745 Arme·

310 2784 338 2834 et
355 2780 466 2834 Pellaeo
484 2784 571 2848 ponte
589 2779 729 2848 Niphaten
895 2783 1010 2851 uiusque
1033 2785 1129 2836 tenens
1148 2782 1306 2836 volventem
1323 2797 1389 2834 saxa

273 2867 446 2934 Adstrinxit3
866 2935 871 2948 Ι
894 2868 1046 2939 Niphatem
1058 2911 1064 2924 .
1078 2911 1084 2922 .
1098 2911 1105 2924 .

274 2957 316 3010 13.
335 2957 399 3011 1091
417 2955 471 3009 Hic
488 2956 577 3010 latera
595 2957 717 3011 intextus
737 2959 800 3012 1111-
860 2960 885 3012 3.
904 2959 964 3013 455.

308 3042 372 3097 11111
390 3043 487 3097 axibus
506 3059 599 3113 agger,
860 3045 984 3100 Stellatis
1003 3047 1102 3101 axibus
1120 3063 1205 3116 agger

273 3130 326 3185 Hic
336 3129 452 3200 gravida
463 3135 569 3186 armato
580 3132 711 3200 surgebat
719 3131 801 3188 vinea
859 3132 993 3203 Erigitur,
1005 3134 1183 3203 geminasque
1196 3174 1284 3188 .....
1297 3138 1388 3189 turres

308 3219 401 3273 dorso.
894 3220 1023 3290 Accipit.
1037 3263 1043 3275 .
1058 3263 1063 3275 .

357 3445 505 3510 Plurima
516 3453 624 3508 autem
637 3444 738 3512 Silius
750 3446 886 3511 Lucano
899 3445 996 3511 debet
1006 3447 1040 3510 in
1051 3446 1265 3514 describenda
1277 3470 1389 3534 pugna

272 3547 397 3631 navali,
419 3568 505 3632 quae
526 3547 611 3611 inter
633 3548 770 3614 classem
794 3548 951 3613 Punicam
975 3571 1049 3614 cum
1079 3548 1287 3638 Syracusana
1311 3552 1388 3635 jun-

273 3660 360 3715 ctam
383 3661 415 3716 et
436 3650 618 3717 Romanam
632 3651 807 3718 commissa
828 3661 888 3736 est,
909 3674 983 3717 oum
1003 3652 1183 3719 Marcellus
1204 3650 1387 3739 Syracusas

274 3762 529 3839 oppugnaretur.
574 3753 638 3819 Illa
663 3753 748 3818 enim
774 3777 852 3840 pars
881 3755 1035 3821 carminis
1057 3753 1174 3821 Siliani
1202 3776 1286 3840 quae
1308 3776 1386 3819 con-

272 3854 396 3918 tinetur
421 3857 572 3922 versibus
599 3859 787 3928 353.-579.
815 3857 892 3922 libri
919 3861 967 3926 14.
990 3859 1102 3924 multis
1130 3857 1211 3924 locis
1235 3857 1387 3943 congruit

273 3979 347 4021 oum
362 3957 488 4024 Lucani
504 3959 723 4046 descriptione
738 3983 867 4047 pugnae
882 3962 1008 4027 navalis
1031 3970 1145 4026 contra
1160 3960 1388 4026 Massilienses

273 4060 796 4147 111111111111111111111111).
819 4068 858 4147 3,
881 4087 928 4130 vs.
943 4068 1140 4150 ,aloe-774.
1187 4061 1388 4148 Comparan-

273 4172 328 4226 tur
350 4162 434 4227 enim
457 4163 542 4228 inter
564 4186 598 4231 se
619 4164 714 4231 haec:
