<?xml version="1.0" encoding="UTF-8"?>
<!DOCTYPE html PUBLIC "-//W3C//DTD XHTML 1.0 Transitional//EN"
    "http://www.w3.org/TR/xhtml1/DTD/xhtml1-transitional.dtd">
<html xmlns="http://www.w3.org/1999/xhtml" xml:lang="en" lang="en">
 <head>
  <title>
</title>
<meta http-equiv="Content-Type" content="text/html;charset=utf-8" />
  <meta name='ocr-system' content='tesseract 3.04.00' />
  <meta name='ocr-capabilities' content='ocr_page ocr_carea ocr_par ocr_line ocrx_word'/>
</head>
<body>
  <div class='ocr_page' id='page_1' title='image "./decsiliiitalici00wezegoog_0080.png"; bbox 0 0 3096 4880; ppageno 0'>
   <div class='ocr_carea' id='block_1_1' title="bbox 656 321 696 388">
    <p class='ocr_par' dir='ltr' id='par_1_1' title="bbox 656 321 696 388">
     <span class='ocr_line' id='line_1_1' title="bbox 656 321 696 388; baseline 0.05 -2"><span class='ocrx_word' id='word_1_1' title='bbox 656 321 696 388; x_wconf 76' lang='lat'>75</span> 
     </span>
    </p>
   </div>
   <div class='ocr_carea' id='block_1_2' title="bbox 114 505 1243 1619">
    <p class='ocr_par' dir='ltr' id='par_1_2' title="bbox 114 505 1243 1619">
     <span class='ocr_line' id='line_1_2' title="bbox 114 505 1235 593; baseline 0 -21"><span class='ocrx_word' id='word_1_2' title='bbox 114 507 302 572; x_wconf 65' lang='lat' dir='ltr'>orationem·</span> <span class='ocrx_word' id='word_1_3' title='bbox 318 506 418 572; x_wconf 89' lang='lat' dir='ltr'>habet</span> <span class='ocrx_word' id='word_1_4' title='bbox 440 506 481 572; x_wconf 89' lang='lat' dir='ltr'>de</span> <span class='ocrx_word' id='word_1_5' title='bbox 505 528 571 592; x_wconf 89' lang='lat' dir='ltr'>qua</span> <span class='ocrx_word' id='word_1_6' title='bbox 595 511 664 592; x_wconf 87' lang='lat' dir='ltr'>jam</span> <span class='ocrx_word' id='word_1_7' title='bbox 692 527 793 593; x_wconf 91' lang='lat' dir='ltr'>supra</span> <span class='ocrx_word' id='word_1_8' title='bbox 814 529 890 593; x_wconf 84' lang='lat' dir='ltr'>pag.</span> <span class='ocrx_word' id='word_1_9' title='bbox 913 509 964 576; x_wconf 81' lang='lat'>28.</span> <span class='ocrx_word' id='word_1_10' title='bbox 988 507 1103 593; x_wconf 79' lang='lat' dir='ltr'><strong>paucis</strong></span> <span class='ocrx_word' id='word_1_11' title='bbox 1125 505 1235 572; x_wconf 88' lang='lat' dir='ltr'>verbis</span> 
     </span>
     <span class='ocr_line' id='line_1_3' title="bbox 114 607 1236 697; baseline 0 -23"><span class='ocrx_word' id='word_1_12' title='bbox 114 609 267 676; x_wconf 87' lang='lat' dir='ltr'>disserui.</span> <span class='ocrx_word' id='word_1_13' title='bbox 313 607 416 678; x_wconf 84' lang='lat' dir='ltr'>Silius</span> <span class='ocrx_word' id='word_1_14' title='bbox 450 609 553 694; x_wconf 78' lang='lat' dir='ltr'>enim,</span> <span class='ocrx_word' id='word_1_15' title='bbox 586 619 624 674; x_wconf 89' lang='lat' dir='ltr'>ut</span> <span class='ocrx_word' id='word_1_16' title='bbox 651 609 697 675; x_wconf 91' lang='lat' dir='ltr'>ibi</span> <span class='ocrx_word' id='word_1_17' title='bbox 731 607 817 692; x_wconf 78' lang='lat' dir='ltr'>dixi,</span> <span class='ocrx_word' id='word_1_18' title='bbox 850 617 926 674; x_wconf 85' lang='lat' dir='ltr'>ante</span> <span class='ocrx_word' id='word_1_19' title='bbox 959 633 1103 697; x_wconf 86' lang='lat' dir='ltr'>pugnam</span> <span class='ocrx_word' id='word_1_20' title='bbox 1130 609 1236 696; x_wconf 89' lang='lat' dir='ltr'>ipsam</span> 
     </span>
     <span class='ocr_line' id='line_1_4' title="bbox 114 709 1236 800; baseline -0.002 -22"><span class='ocrx_word' id='word_1_21' title='bbox 114 713 336 778; x_wconf 87' lang='lat' dir='ltr'>Hannibalem</span> <span class='ocrx_word' id='word_1_22' title='bbox 352 711 470 794; x_wconf 79' lang='lat' dir='ltr'>solum,</span> <span class='ocrx_word' id='word_1_23' title='bbox 490 711 609 778; x_wconf 87' lang='lat' dir='ltr'>Livius</span> <span class='ocrx_word' id='word_1_24' title='bbox 624 721 776 778; x_wconf 89' lang='lat' dir='ltr'>neutrum</span> <span class='ocrx_word' id='word_1_25' title='bbox 791 709 917 796; x_wconf 79' lang='lat' dir='ltr'>ducem,</span> <span class='ocrx_word' id='word_1_26' title='bbox 933 712 1094 800; x_wconf 85' lang='lat' dir='ltr'>Polybius</span> <span class='ocrx_word' id='word_1_27' title='bbox 1110 721 1236 776; x_wconf 91' lang='lat' dir='ltr'>utrum-</span> 
     </span>
     <span class='ocr_line' id='line_1_5' title="bbox 114 813 1243 902; baseline 0.003 -24"><span class='ocrx_word' id='word_1_28' title='bbox 114 823 181 900; x_wconf 85' lang='lat' dir='ltr'>que</span> <span class='ocrx_word' id='word_1_29' title='bbox 209 815 372 880; x_wconf 75' lang='lat' dir='ltr'>dicentem</span> <span class='ocrx_word' id='word_1_30' title='bbox 399 813 489 879; x_wconf 82' lang='lat' dir='ltr'>facit.</span> <span class='ocrx_word' id='word_1_31' title='bbox 532 815 651 900; x_wconf 86' lang='lat' dir='ltr'>Neque</span> <span class='ocrx_word' id='word_1_32' title='bbox 678 814 792 901; x_wconf 86' lang='lat' dir='ltr'>negari</span> <span class='ocrx_word' id='word_1_33' title='bbox 820 823 932 900; x_wconf 89' lang='lat' dir='ltr'>potest</span> <span class='ocrx_word' id='word_1_34' title='bbox 958 817 1116 880; x_wconf 89' lang='lat' dir='ltr'>nonnulla</span> <span class='ocrx_word' id='word_1_35' title='bbox 1137 815 1243 902; x_wconf 81' lang='lat' dir='ltr'>hujus-</span> 
     </span>
     <span class='ocr_line' id='line_1_6' title="bbox 115 914 1237 984; baseline 0.001 -3"><span class='ocrx_word' id='word_1_36' title='bbox 115 914 360 984; x_wconf 89' lang='lat' dir='ltr'>adhortationis</span> <span class='ocrx_word' id='word_1_37' title='bbox 382 927 547 984; x_wconf 89' lang='lat' dir='ltr'>momenta</span> <span class='ocrx_word' id='word_1_38' title='bbox 561 918 629 983; x_wconf 82' lang='lat' dir='ltr'>fere</span> <span class='ocrx_word' id='word_1_39' title='bbox 652 916 694 982; x_wconf 87' lang='lat' dir='ltr'>ad</span> <span class='ocrx_word' id='word_1_40' title='bbox 716 916 851 982; x_wconf 85' lang='lat' dir='ltr'>verbum</span> <span class='ocrx_word' id='word_1_41' title='bbox 867 940 908 982; x_wconf 86' lang='lat' dir='ltr'>ex</span> <span class='ocrx_word' id='word_1_42' title='bbox 923 918 980 983; x_wconf 91' lang='lat' dir='ltr'>illa</span> <span class='ocrx_word' id='word_1_43' title='bbox 994 919 1142 984; x_wconf 86' lang='lat' dir='ltr'>oratione</span> <span class='ocrx_word' id='word_1_44' title='bbox 1165 940 1237 984; x_wconf 84' lang='lat' dir='ltr'>esse</span> 
     </span>
     <span class='ocr_line' id='line_1_7' title="bbox 115 1015 1239 1106; baseline 0 -24"><span class='ocrx_word' id='word_1_45' title='bbox 115 1015 313 1105; x_wconf 90' lang='lat' dir='ltr'>deprompta</span> <span class='ocrx_word' id='word_1_46' title='bbox 335 1042 402 1104; x_wconf 91' lang='lat' dir='ltr'>qua</span> <span class='ocrx_word' id='word_1_47' title='bbox 424 1017 513 1104; x_wconf 89' lang='lat' dir='ltr'>apud</span> <span class='ocrx_word' id='word_1_48' title='bbox 532 1021 665 1086; x_wconf 88' lang='lat' dir='ltr'>Livium</span> <span class='ocrx_word' id='word_1_49' title='bbox 687 1019 744 1084; x_wconf 85' lang='lat' dir='ltr'>lib.</span> <span class='ocrx_word' id='word_1_50' title='bbox 767 1025 819 1104; x_wconf 76' lang='lat'>21,</span> <span class='ocrx_word' id='word_1_51' title='bbox 843 1043 914 1106; x_wconf 88' lang='lat' dir='ltr'>cap.</span> <span class='ocrx_word' id='word_1_52' title='bbox 937 1023 989 1089; x_wconf 88' lang='grc'>43.</span> <span class='ocrx_word' id='word_1_53' title='bbox 1014 1029 1047 1086; x_wconf 88' lang='lat' dir='ltr'>et</span> <span class='ocrx_word' id='word_1_54' title='bbox 1070 1025 1122 1088; x_wconf 79' lang='lat'>44.</span> <span class='ocrx_word' id='word_1_55' title='bbox 1144 1019 1239 1085; x_wconf 89' lang='lat' dir='ltr'>Han-</span> 
     </span>
     <span class='ocr_line' id='line_1_8' title="bbox 115 1121 1240 1209; baseline 0 -24"><span class='ocrx_word' id='word_1_56' title='bbox 115 1121 208 1186; x_wconf 83' lang='lat' dir='ltr'>nibal</span> <span class='ocrx_word' id='word_1_57' title='bbox 230 1130 305 1186; x_wconf 87' lang='lat' dir='ltr'>ante</span> <span class='ocrx_word' id='word_1_58' title='bbox 333 1143 478 1209; x_wconf 82' lang='lat' dir='ltr'>pugnam</span> <span class='ocrx_word' id='word_1_59' title='bbox 505 1121 548 1186; x_wconf 89' lang='lat' dir='ltr'>ad</span> <span class='ocrx_word' id='word_1_60' title='bbox 569 1123 722 1188; x_wconf 83' lang='lat' dir='ltr'>Ticinum</span> <span class='ocrx_word' id='word_1_61' title='bbox 745 1123 953 1189; x_wconf 83' lang='lat' dir='ltr'>commissam</span> <span class='ocrx_word' id='word_1_62' title='bbox 975 1123 1097 1190; x_wconf 79' lang='lat' dir='ltr'>milites</span> <span class='ocrx_word' id='word_1_63' title='bbox 1120 1121 1240 1188; x_wconf 89' lang='lat' dir='ltr'>adho&#39;r-</span> 
     </span>
     <span class='ocr_line' id='line_1_9' title="bbox 114 1223 1240 1304; baseline -0.002 -14"><span class='ocrx_word' id='word_1_64' title='bbox 114 1232 209 1290; x_wconf 87' lang='lat' dir='ltr'>tatus</span> <span class='ocrx_word' id='word_1_65' title='bbox 237 1232 301 1304; x_wconf 83' lang='lat' dir='ltr'>est3</span> <span class='ocrx_word' id='word_1_66' title='bbox 330 1225 395 1290; x_wconf 87' lang='lat' dir='ltr'>alia</span> <span class='ocrx_word' id='word_1_67' title='bbox 420 1223 596 1290; x_wconf 55' lang='lat' dir='ltr'>ex‘Ennio</span> <span class='ocrx_word' id='word_1_68' title='bbox 624 1226 767 1293; x_wconf 82' lang='lat' dir='ltr'>fortasse</span> <span class='ocrx_word' id='word_1_69' title='bbox 797 1234 874 1293; x_wconf 89' lang='lat' dir='ltr'>sunt</span> <span class='ocrx_word' id='word_1_70' title='bbox 896 1225 1025 1292; x_wconf 89' lang='lat' dir='ltr'>hausta.</span> <span class='ocrx_word' id='word_1_71' title='bbox 1071 1223 1138 1292; x_wconf 86' lang='lat' dir='ltr'>Sed</span> <span class='ocrx_word' id='word_1_72' title='bbox 1159 1249 1240 1290; x_wconf 93' lang='lat' dir='ltr'>non-</span> 
     </span>
     <span class='ocr_line' id='line_1_10' title="bbox 114 1315 1241 1414; baseline -0.001 -22"><span class='ocrx_word' id='word_1_73' title='bbox 114 1328 211 1392; x_wconf 89' lang='lat' dir='ltr'>nulla</span> <span class='ocrx_word' id='word_1_74' title='bbox 236 1350 369 1412; x_wconf 90' lang='lat' dir='ltr'>quoque</span> <span class='ocrx_word' id='word_1_75' title='bbox 395 1327 536 1414; x_wconf 85' lang='lat' dir='ltr'>vestigia</span> <span class='ocrx_word' id='word_1_76' title='bbox 563 1328 597 1391; x_wconf 93' lang='lat' dir='ltr'>in</span> <span class='ocrx_word' id='word_1_77' title='bbox 624 1315 760 1394; x_wconf 80' lang='lat' dir='ltr'>Silia‘nis</span> <span class='ocrx_word' id='word_1_78' title='bbox 794 1329 907 1395; x_wconf 87' lang='lat' dir='ltr'>verbis</span> <span class='ocrx_word' id='word_1_79' title='bbox 933 1337 1059 1394; x_wconf 87' lang='lat' dir='ltr'>restant</span> <span class='ocrx_word' id='word_1_80' title='bbox 1085 1351 1170 1414; x_wconf 87' lang='lat' dir='ltr'>quae</span> <span class='ocrx_word' id='word_1_81' title='bbox 1198 1325 1241 1392; x_wconf 89' lang='lat' dir='ltr'>ad</span> 
     </span>
     <span class='ocr_line' id='line_1_11' title="bbox 116 1429 1242 1519; baseline 0.002 -25"><span class='ocrx_word' id='word_1_82' title='bbox 116 1429 297 1517; x_wconf 90' lang='lat' dir='ltr'>Polybium</span> <span class='ocrx_word' id='word_1_83' title='bbox 320 1438 485 1516; x_wconf 79' lang='lat' dir='ltr'>spectant,</span> <span class='ocrx_word' id='word_1_84' title='bbox 514 1431 709 1516; x_wconf 86' lang='lat' dir='ltr'>praesertim</span> <span class='ocrx_word' id='word_1_85' title='bbox 739 1453 814 1496; x_wconf 91' lang='lat' dir='ltr'>cum</span> <span class='ocrx_word' id='word_1_86' title='bbox 841 1430 930 1519; x_wconf 74' lang='lat' dir='ltr'>apud</span> <span class='ocrx_word' id='word_1_87' title='bbox 958 1431 1092 1497; x_wconf 85' lang='lat' dir='ltr'>Livium</span> <span class='ocrx_word' id='word_1_88' title='bbox 1121 1431 1242 1498; x_wconf 83' lang='lat' dir='ltr'>similia</span> 
     </span>
     <span class='ocr_line' id='line_1_12' title="bbox 117 1530 1033 1619; baseline 0.001 -22"><span class='ocrx_word' id='word_1_89' title='bbox 117 1556 188 1599; x_wconf 91' lang='lat' dir='ltr'>non</span> <span class='ocrx_word' id='word_1_90' title='bbox 209 1533 370 1619; x_wconf 79' lang='lat' dir='ltr'>legantur.</span> <span class='ocrx_word' id='word_1_91' title='bbox 417 1530 640 1598; x_wconf 76' lang='lat' dir='ltr'>Conseruntur</span> <span class='ocrx_word' id='word_1_92' title='bbox 662 1533 747 1598; x_wconf 89' lang='lat' dir='ltr'>enim</span> <span class='ocrx_word' id='word_1_93' title='bbox 769 1535 856 1600; x_wconf 89' lang='lat' dir='ltr'>inter</span> <span class='ocrx_word' id='word_1_94' title='bbox 879 1557 915 1600; x_wconf 85' lang='lat' dir='ltr'>se</span> <span class='ocrx_word' id='word_1_95' title='bbox 935 1533 1033 1600; x_wconf 81' lang='lat' dir='ltr'>haec:</span> 
     </span>
    </p>
   </div>
   <div class='ocr_carea' id='block_1_3' title="bbox 119 1721 1252 2940">
    <p class='ocr_par' dir='ltr' id='par_1_3' title="bbox 119 1721 1245 2054">
     <span class='ocr_line' id='line_1_13' title="bbox 124 1721 1244 1794; baseline -0.004 -16"><span class='ocrx_word' id='word_1_96' title='bbox 124 1721 179 1778; x_wconf 75' lang='lat' dir='ltr'>sir.</span> <span class='ocrx_word' id='word_1_97' title='bbox 197 1725 223 1791; x_wconf 83' lang='lat'>9,</span> <span class='ocrx_word' id='word_1_98' title='bbox 241 1740 267 1776; x_wconf 90' lang='lat' dir='ltr'>v.</span> <span class='ocrx_word' id='word_1_99' title='bbox 287 1722 360 1776; x_wconf 64' lang='lat'>184:</span> <span class='ocrx_word' id='word_1_100' title='bbox 717 1722 816 1794; x_wconf 74' lang='lat' dir='ltr'>Polyb.</span> <span class='ocrx_word' id='word_1_101' title='bbox 840 1723 871 1792; x_wconf 83' lang='lat'>3,</span> <span class='ocrx_word' id='word_1_102' title='bbox 900 1724 959 1778; x_wconf 90' lang='lat' dir='ltr'>lll.</span> <span class='ocrx_word' id='word_1_103' title='bbox 987 1723 1026 1778; x_wconf 87' lang='lat'>5.:</span> <span class='ocrx_word' id='word_1_104' title='bbox 1049 1721 1078 1776; x_wconf 79' lang='grc' dir='ltr'>τὸ</span> <span class='ocrx_word' id='word_1_105' title='bbox 1104 1721 1136 1776; x_wconf 77' lang='grc' dir='ltr'>δὲ</span> <span class='ocrx_word' id='word_1_106' title='bbox 1162 1739 1244 1787; x_wconf 89' lang='grc' dir='ltr'>παρα-</span> 
     </span>
     <span class='ocr_line' id='line_1_14' title="bbox 119 1805 1242 1878; baseline -0.004 -13"><span class='ocrx_word' id='word_1_107' title='bbox 119 1809 187 1866; x_wconf 83' lang='lat' dir='ltr'>Nou</span> <span class='ocrx_word' id='word_1_108' title='bbox 203 1811 368 1877; x_wconf 89' lang='lat' dir='ltr'>verborum,</span> <span class='ocrx_word' id='word_1_109' title='bbox 390 1808 493 1878; x_wconf 88' lang='lat' dir='ltr'>inquit,</span> <span class='ocrx_word' id='word_1_110' title='bbox 513 1809 655 1864; x_wconf 88' lang='lat' dir='ltr'>stimulan·</span> <span class='ocrx_word' id='word_1_111' title='bbox 747 1814 833 1864; x_wconf 79' lang='grc' dir='ltr'><strong>καλεῖν</strong></span> <span class='ocrx_word' id='word_1_112' title='bbox 877 1805 948 1878; x_wconf 77' lang='grc' dir='ltr'>ὑμᾶς</span> <span class='ocrx_word' id='word_1_113' title='bbox 979 1812 1023 1864; x_wconf 81' lang='grc' dir='ltr'>νῦν</span> <span class='ocrx_word' id='word_1_114' title='bbox 1046 1805 1092 1863; x_wconf 77' lang='grc' dir='ltr'>διὰ</span> <span class='ocrx_word' id='word_1_115' title='bbox 1118 1807 1242 1862; x_wconf 81' lang='grc' dir='ltr'>πλειόνων</span> 
     </span>
     <span class='ocr_line' id='line_1_15' title="bbox 158 1893 1244 1967; baseline -0.003 -15"><span class='ocrx_word' id='word_1_116' title='bbox 158 1897 275 1966; x_wconf 84' lang='lat' dir='ltr'>lantum,</span> <span class='ocrx_word' id='word_1_117' title='bbox 292 1895 413 1966; x_wconf 83' lang='lat' dir='ltr'>Poenus,</span> <span class='ocrx_word' id='word_1_118' title='bbox 432 1897 531 1967; x_wconf 83' lang='lat' dir='ltr'>egetis,</span> <span class='ocrx_word' id='word_1_119' title='bbox 544 1937 550 1950; x_wconf 94' lang='lat'><strong>.</strong></span> <span class='ocrx_word' id='word_1_120' title='bbox 565 1938 591 1951; x_wconf 93' lang='lat'>..</span> <span class='ocrx_word' id='word_1_121' title='bbox 750 1895 885 1966; x_wconf 60' lang='lat' dir='ltr'>triburensis</span> <span class='ocrx_word' id='word_1_122' title='bbox 916 1897 961 1952; x_wconf 74' lang='lat' dir='ltr'>aad</span> <span class='ocrx_word' id='word_1_123' title='bbox 1000 1895 1149 1966; x_wconf 64' lang='grc' dir='ltr'>προθύμους</span> <span class='ocrx_word' id='word_1_124' title='bbox 1180 1893 1244 1950; x_wconf 70' lang='grc' dir='ltr'>εἶναὶ</span> 
     </span>
     <span class='ocr_line' id='line_1_16' title="bbox 749 1981 1245 2054; baseline -0.006 -14"><span class='ocrx_word' id='word_1_125' title='bbox 749 1985 826 2054; x_wconf 44' lang='grc' dir='ltr'>πρὸςἸ</span> <span class='ocrx_word' id='word_1_126' title='bbox 842 1983 884 2040; x_wconf 79' lang='grc' dir='ltr'>τὸν</span> <span class='ocrx_word' id='word_1_127' title='bbox 911 1985 1029 2040; x_wconf 75' lang='grc' dir='ltr'>κίνδυνον</span> <span class='ocrx_word' id='word_1_128' title='bbox 1048 1981 1172 2054; x_wconf 74' lang='grc' dir='ltr'>οὐδαμῶς</span> <span class='ocrx_word' id='word_1_129' title='bbox 1200 2002 1245 2051; x_wconf 79' lang='grc' dir='ltr'>μοι</span> 
     </span>
    </p>

    <p class='ocr_par' dir='ltr' id='par_1_4' title="bbox 124 2073 1252 2940">
     <span class='ocr_line' id='line_1_17' title="bbox 751 2073 975 2142; baseline 0.009 -16"><span class='ocrx_word' id='word_1_130' title='bbox 751 2077 825 2128; x_wconf 85' lang='grc' dir='ltr'>δοκεῖ</span> <span class='ocrx_word' id='word_1_131' title='bbox 841 2073 975 2142; x_wconf 61' lang='grc' dir='ltr'>καθήκειν.</span> 
     </span>
     <span class='ocr_line' id='line_1_18' title="bbox 124 2155 1246 2231; baseline 0.002 -15"><span class='ocrx_word' id='word_1_132' title='bbox 124 2178 150 2216; x_wconf 89' lang='lat' dir='ltr'>v.</span> <span class='ocrx_word' id='word_1_133' title='bbox 170 2159 243 2215; x_wconf 63' lang='grc'><strong>2131</strong></span> <span class='ocrx_word' id='word_1_134' title='bbox 717 2165 739 2226; x_wconf 67' lang='grc' dir='ltr'>ἕ.</span> <span class='ocrx_word' id='word_1_135' title='bbox 759 2161 795 2216; x_wconf 81' lang='grc'>8.;</span> <span class='ocrx_word' id='word_1_136' title='bbox 818 2155 831 2218; x_wconf 85' lang='grc' dir='ltr'><strong>ὁ</strong></span> <span class='ocrx_word' id='word_1_137' title='bbox 852 2160 882 2215; x_wconf 80' lang='grc' dir='ltr'>δὲ</span> <span class='ocrx_word' id='word_1_138' title='bbox 901 2168 942 2216; x_wconf 77' lang='grc' dir='ltr'>νῦν</span> <span class='ocrx_word' id='word_1_139' title='bbox 961 2161 1028 2231; x_wconf 84' lang='grc' dir='ltr'>ἀγὼν</span> <span class='ocrx_word' id='word_1_140' title='bbox 1048 2161 1170 2228; x_wconf 73' lang='grc' dir='ltr'>ἐνέστηκε</span> <span class='ocrx_word' id='word_1_141' title='bbox 1187 2157 1246 2226; x_wconf 72' lang='grc' dir='ltr'>περὶ</span> 
     </span>
     <span class='ocr_line' id='line_1_19' title="bbox 124 2245 1247 2306; baseline -0.002 -4"><span class='ocrx_word' id='word_1_142' title='bbox 124 2247 171 2302; x_wconf 88' lang='lat' dir='ltr'>Ad</span> <span class='ocrx_word' id='word_1_143' title='bbox 202 2263 297 2302; x_wconf 85' lang='lat' dir='ltr'>muros</span> <span class='ocrx_word' id='word_1_144' title='bbox 330 2247 413 2302; x_wconf 85' lang='lat' dir='ltr'>statis</span> <span class='ocrx_word' id='word_1_145' title='bbox 438 2247 555 2302; x_wconf 87' lang='lat' dir='ltr'>Romae:</span> <span class='ocrx_word' id='word_1_146' title='bbox 589 2247 657 2302; x_wconf 88' lang='lat' dir='ltr'>licet</span> <span class='ocrx_word' id='word_1_147' title='bbox 750 2253 801 2303; x_wconf 84' lang='grc' dir='ltr'>τῶν</span> <span class='ocrx_word' id='word_1_148' title='bbox 828 2245 926 2304; x_wconf 74' lang='grc' dir='ltr'>πόλεων</span> <span class='ocrx_word' id='word_1_149' title='bbox 953 2249 998 2304; x_wconf 76' lang='grc' dir='ltr'>καὶ</span> <span class='ocrx_word' id='word_1_150' title='bbox 1026 2253 1076 2304; x_wconf 86' lang='grc' dir='ltr'>τῶν</span> <span class='ocrx_word' id='word_1_151' title='bbox 1102 2247 1128 2301; x_wconf 75' lang='grc' dir='ltr'>ἐν</span> <span class='ocrx_word' id='word_1_152' title='bbox 1157 2245 1247 2306; x_wconf 72' lang='grc' dir='ltr'>αὐταῖς</span> 
     </span>
     <span class='ocr_line' id='line_1_20' title="bbox 161 2329 1247 2406; baseline 0 -19"><span class='ocrx_word' id='word_1_153' title='bbox 161 2333 225 2388; x_wconf 82' lang='lat' dir='ltr'>aria</span> <span class='ocrx_word' id='word_1_154' title='bbox 242 2334 325 2405; x_wconf 82' lang='lat' dir='ltr'>longe</span> <span class='ocrx_word' id='word_1_155' title='bbox 751 2333 863 2404; x_wconf 58' lang='grc' dir='ltr'>ἀγαθῶν.</span> <span class='ocrx_word' id='word_1_156' title='bbox 896 2329 925 2391; x_wconf 79' lang='grc' dir='ltr'>οὗ</span> <span class='ocrx_word' id='word_1_157' title='bbox 955 2337 1132 2406; x_wconf 66' lang='grc' dir='ltr'>κρατήσαντες</span> <span class='ocrx_word' id='word_1_158' title='bbox 1163 2332 1247 2402; x_wconf 85' lang='grc' dir='ltr'>κύριοι</span> 
     </span>
     <span class='ocr_line' id='line_1_21' title="bbox 126 2421 1248 2495; baseline -0.002 -17"><span class='ocrx_word' id='word_1_159' title='bbox 126 2421 200 2478; x_wconf 88' lang='lat' dir='ltr'>Urbs</span> <span class='ocrx_word' id='word_1_160' title='bbox 228 2427 308 2492; x_wconf 82' lang='lat' dir='ltr'>agat,</span> <span class='ocrx_word' id='word_1_161' title='bbox 341 2425 369 2476; x_wconf 88' lang='lat' dir='ltr'>et</span> <span class='ocrx_word' id='word_1_162' title='bbox 395 2425 493 2478; x_wconf 87' lang='lat' dir='ltr'>nostro</span> <span class='ocrx_word' id='word_1_163' title='bbox 519 2423 618 2494; x_wconf 88' lang='lat' dir='ltr'>procul</span> <span class='ocrx_word' id='word_1_164' title='bbox 641 2439 658 2476; x_wconf 89' lang='lat' dir='ltr'>a</span> <span class='ocrx_word' id='word_1_165' title='bbox 753 2422 799 2490; x_wconf 80' lang='grc' dir='ltr'>μὲν</span> <span class='ocrx_word' id='word_1_166' title='bbox 839 2423 931 2480; x_wconf 62' lang='grc' dir='ltr'>ἔσεσθε</span> <span class='ocrx_word' id='word_1_167' title='bbox 969 2427 1127 2495; x_wconf 77' lang='grc' dir='ltr'>παραχρῆμα</span> <span class='ocrx_word' id='word_1_168' title='bbox 1160 2421 1248 2488; x_wconf 73' lang='grc' dir='ltr'>πάσης</span> 
     </span>
     <span class='ocr_line' id='line_1_22' title="bbox 163 2507 1249 2580; baseline 0 -16"><span class='ocrx_word' id='word_1_169' title='bbox 163 2510 314 2565; x_wconf 83' lang='lat' dir='ltr'>certamine</span> <span class='ocrx_word' id='word_1_170' title='bbox 332 2509 425 2564; x_wconf 85' lang='lat' dir='ltr'>distet.</span> <span class='ocrx_word' id='word_1_171' title='bbox 750 2507 877 2580; x_wconf 80' lang='grc' dir='ltr'>Ἰταλίας,</span> <span class='ocrx_word' id='word_1_172' title='bbox 889 2509 1079 2580; x_wconf 73' lang='grc' dir='ltr'>ἀπαλλαγέντες</span> <span class='ocrx_word' id='word_1_173' title='bbox 1093 2511 1124 2566; x_wconf 73' lang='grc' dir='ltr'>δὲ</span> <span class='ocrx_word' id='word_1_174' title='bbox 1138 2513 1188 2565; x_wconf 83' lang='grc' dir='ltr'>τῶν</span> <span class='ocrx_word' id='word_1_175' title='bbox 1206 2511 1249 2565; x_wconf 81' lang='grc' dir='ltr'>νῦν</span> 
     </span>
     <span class='ocr_line' id='line_1_23' title="bbox 127 2595 1249 2670; baseline -0.002 -16"><span class='ocrx_word' id='word_1_176' title='bbox 127 2599 181 2654; x_wconf 85' lang='lat' dir='ltr'>llic</span> <span class='ocrx_word' id='word_1_177' title='bbox 198 2597 282 2653; x_wconf 88' lang='lat' dir='ltr'>hodie</span> <span class='ocrx_word' id='word_1_178' title='bbox 300 2602 370 2652; x_wconf 91' lang='lat' dir='ltr'>ruet.</span> <span class='ocrx_word' id='word_1_179' title='bbox 390 2602 472 2666; x_wconf 84' lang='lat' dir='ltr'>atque</span> <span class='ocrx_word' id='word_1_180' title='bbox 491 2597 565 2670; x_wconf 88' lang='lat' dir='ltr'>ultra</span> <span class='ocrx_word' id='word_1_181' title='bbox 582 2602 611 2652; x_wconf 90' lang='lat' dir='ltr'>te</span> <span class='ocrx_word' id='word_1_182' title='bbox 622 2598 658 2652; x_wconf 89' lang='lat' dir='ltr'>ad</span> <span class='ocrx_word' id='word_1_183' title='bbox 752 2595 843 2667; x_wconf 77' lang='grc' dir='ltr'>πόνων,</span> <span class='ocrx_word' id='word_1_184' title='bbox 856 2599 988 2668; x_wconf 83' lang='grc' dir='ltr'>γενόμενοι</span> <span class='ocrx_word' id='word_1_185' title='bbox 1005 2598 1146 2668; x_wconf 76' lang='grc' dir='ltr'>συμπάσης</span> <span class='ocrx_word' id='word_1_186' title='bbox 1159 2597 1249 2668; x_wconf 82' lang='grc' dir='ltr'>ἐγκρα·</span> 
     </span>
     <span class='ocr_line' id='line_1_24' title="bbox 162 2684 1248 2757; baseline -0.001 -18"><span class='ocrx_word' id='word_1_187' title='bbox 162 2686 271 2757; x_wconf 87' lang='lat' dir='ltr'>proelia</span> <span class='ocrx_word' id='word_1_188' title='bbox 288 2685 366 2740; x_wconf 86' lang='lat' dir='ltr'>miles</span> <span class='ocrx_word' id='word_1_189' title='bbox 752 2693 805 2750; x_wconf 87' lang='grc' dir='ltr'>τεῖς</span> <span class='ocrx_word' id='word_1_190' title='bbox 837 2691 886 2757; x_wconf 81' lang='grc' dir='ltr'>τῆς</span> <span class='ocrx_word' id='word_1_191' title='bbox 916 2685 1047 2756; x_wconf 75' lang='grc' dir='ltr'>Ρωμαίων</span> <span class='ocrx_word' id='word_1_192' title='bbox 1074 2684 1248 2754; x_wconf 67' lang='grc' dir='ltr'>εὐδαιμονίας,</span> 
     </span>
     <span class='ocr_line' id='line_1_25' title="bbox 128 2769 1250 2844; baseline -0.004 -15"><span class='ocrx_word' id='word_1_193' title='bbox 128 2774 210 2830; x_wconf 84' lang='lat' dir='ltr'>Nulla</span> <span class='ocrx_word' id='word_1_194' title='bbox 228 2790 305 2829; x_wconf 88' lang='lat' dir='ltr'>voco.</span> <span class='ocrx_word' id='word_1_195' title='bbox 326 2772 567 2830; x_wconf 86' lang='lat' dir='ltr'>exacietendein</span> <span class='ocrx_word' id='word_1_196' title='bbox 580 2772 658 2844; x_wconf 83' lang='lat' dir='ltr'>Capi·</span> <span class='ocrx_word' id='word_1_197' title='bbox 703 2830 708 2836; x_wconf 73' lang='grc'><strong>,</strong></span> <span class='ocrx_word' id='word_1_198' title='bbox 754 2771 878 2843; x_wconf 77' lang='grc' dir='ltr'>ἡγεμόνες</span> <span class='ocrx_word' id='word_1_199' title='bbox 896 2769 951 2843; x_wconf 70' lang='grc' dir='ltr'>ἅμα</span> <span class='ocrx_word' id='word_1_200' title='bbox 970 2774 1015 2829; x_wconf 73' lang='grc' dir='ltr'>καὶ</span> <span class='ocrx_word' id='word_1_201' title='bbox 1038 2772 1166 2829; x_wconf 82' lang='grc' dir='ltr'>δεσπόται</span> <span class='ocrx_word' id='word_1_202' title='bbox 1184 2770 1250 2828; x_wconf 75' lang='grc' dir='ltr'>πάν-</span> 
     </span>
     <span class='ocr_line' id='line_1_26' title="bbox 164 2857 1252 2940; baseline 0.002 -22"><span class='ocrx_word' id='word_1_203' title='bbox 164 2862 234 2918; x_wconf 85' lang='lat' dir='ltr'>tolia</span> <span class='ocrx_word' id='word_1_204' title='bbox 251 2877 369 2917; x_wconf 79' lang='lat' dir='ltr'>cursum.</span> <span class='ocrx_word' id='word_1_205' title='bbox 667 2881 670 2885; x_wconf 78' lang='grc'>’</span> <span class='ocrx_word' id='word_1_206' title='bbox 754 2881 804 2916; x_wconf 85' lang='grc' dir='ltr'>των</span> <span class='ocrx_word' id='word_1_207' title='bbox 832 2860 976 2930; x_wconf 60' lang='grc' dir='ltr'>γενήσεσθε</span> <span class='ocrx_word' id='word_1_208' title='bbox 1010 2860 1055 2916; x_wconf 79' lang='grc' dir='ltr'>διὰ</span> <span class='ocrx_word' id='word_1_209' title='bbox 1082 2857 1179 2940; x_wconf 73' lang='grc' dir='ltr'>ταύτης</span> <span class='ocrx_word' id='word_1_210' title='bbox 1204 2861 1252 2929; x_wconf 77' lang='grc' dir='ltr'>τῆς</span> 
     </span>
    </p>
   </div>
   <div class='ocr_carea' id='block_1_4' title="bbox 756 2948 853 3018">
    <p class='ocr_par' dir='ltr' id='par_1_5' title="bbox 756 2948 853 3018">
     <span class='ocr_line' id='line_1_27' title="bbox 756 2948 853 3018; baseline 0.021 -2"><span class='ocrx_word' id='word_1_211' title='bbox 756 2948 853 3018; x_wconf 69' lang='grc' dir='ltr'>νάπης·</span> 
     </span>
    </p>
   </div>
   <div class='ocr_carea' id='block_1_5' title="bbox 131 3095 1253 3621">
    <p class='ocr_par' dir='ltr' id='par_1_6' title="bbox 131 3095 1253 3621">
     <span class='ocr_line' id='line_1_28' title="bbox 218 3095 1251 3208; baseline -0.004 -16"><span class='ocrx_word' id='word_1_212' title='bbox 218 3095 584 3208; x_wconf 78' lang='lat' dir='ltr'>10.‚Denique&#39;unius</span> <span class='ocrx_word' id='word_1_213' title='bbox 615 3122 681 3187; x_wconf 90' lang='lat' dir='ltr'>loci</span> <span class='ocrx_word' id='word_1_214' title='bbox 713 3123 910 3187; x_wconf 84' lang='lat' dir='ltr'>mentionem</span> <span class='ocrx_word' id='word_1_215' title='bbox 941 3122 1075 3207; x_wconf 77' lang='lat' dir='ltr'>faciam,</span> <span class='ocrx_word' id='word_1_216' title='bbox 1108 3121 1149 3188; x_wconf 86' lang='lat' dir='ltr'>de</span> <span class='ocrx_word' id='word_1_217' title='bbox 1181 3143 1251 3206; x_wconf 78' lang='lat' dir='ltr'>quo</span> 
     </span>
     <span class='ocr_line' id='line_1_29' title="bbox 132 3222 1251 3312; baseline -0.001 -20"><span class='ocrx_word' id='word_1_218' title='bbox 132 3249 207 3292; x_wconf 91' lang='lat' dir='ltr'>cum</span> <span class='ocrx_word' id='word_1_219' title='bbox 229 3227 424 3312; x_wconf 86' lang='lat' dir='ltr'>interpretes</span> <span class='ocrx_word' id='word_1_220' title='bbox 446 3234 517 3290; x_wconf 91' lang='lat' dir='ltr'>tum</span> <span class='ocrx_word' id='word_1_221' title='bbox 540 3222 724 3291; x_wconf 81' lang='lat' dir='ltr'>Cosackius</span> <span class='ocrx_word' id='word_1_222' title='bbox 745 3225 768 3289; x_wconf 94' lang='grc'><strong>1.</strong></span> <span class='ocrx_word' id='word_1_223' title='bbox 794 3226 817 3290; x_wconf 94' lang='grc'><strong>1.</strong></span> <span class='ocrx_word' id='word_1_224' title='bbox 840 3248 916 3312; x_wconf 82' lang='lat' dir='ltr'>pag.</span> <span class='ocrx_word' id='word_1_225' title='bbox 939 3229 991 3294; x_wconf 80' lang='lat'>37.</span> <span class='ocrx_word' id='word_1_226' title='bbox 1015 3232 1048 3290; x_wconf 86' lang='lat' dir='ltr'>et</span> <span class='ocrx_word' id='word_1_227' title='bbox 1069 3229 1121 3294; x_wconf 88' lang='grc'>38.</span> <span class='ocrx_word' id='word_1_228' title='bbox 1144 3225 1251 3304; x_wconf 66' lang='lat' dir='ltr'>husius</span> 
     </span>
     <span class='ocr_line' id='line_1_30' title="bbox 131 3311 1253 3415; baseline -0.001 -20"><span class='ocrx_word' id='word_1_229' title='bbox 131 3331 327 3415; x_wconf 83' lang='lat' dir='ltr'>loquuntur3</span> <span class='ocrx_word' id='word_1_230' title='bbox 361 3311 470 3395; x_wconf 86' lang='lat' dir='ltr'>brevis</span> <span class='ocrx_word' id='word_1_231' title='bbox 503 3329 616 3414; x_wconf 87' lang='lat' dir='ltr'>itaque</span> <span class='ocrx_word' id='word_1_232' title='bbox 648 3351 715 3394; x_wconf 88' lang='lat' dir='ltr'>ero.</span> <span class='ocrx_word' id='word_1_233' title='bbox 769 3326 835 3394; x_wconf 85' lang='lat' dir='ltr'>Res</span> <span class='ocrx_word' id='word_1_234' title='bbox 869 3328 979 3414; x_wconf 83' lang='lat' dir='ltr'>agitur</span> <span class='ocrx_word' id='word_1_235' title='bbox 1012 3326 1053 3392; x_wconf 92' lang='lat' dir='ltr'>de</span> <span class='ocrx_word' id='word_1_236' title='bbox 1086 3327 1253 3415; x_wconf 87' lang='lat' dir='ltr'>Scipionis</span> 
     </span>
     <span class='ocr_line' id='line_1_31' title="bbox 132 3429 1252 3519; baseline 0 -23"><span class='ocrx_word' id='word_1_237' title='bbox 132 3429 301 3517; x_wconf 89' lang='lat' dir='ltr'>triumpho</span> <span class='ocrx_word' id='word_1_238' title='bbox 334 3432 368 3496; x_wconf 91' lang='lat' dir='ltr'>in</span> <span class='ocrx_word' id='word_1_239' title='bbox 400 3454 466 3517; x_wconf 89' lang='lat' dir='ltr'>quc</span> <span class='ocrx_word' id='word_1_240' title='bbox 501 3430 687 3519; x_wconf 80' lang='lat' dir='ltr'>Syphacem</span> <span class='ocrx_word' id='word_1_241' title='bbox 724 3453 796 3498; x_wconf 88' lang='lat' dir='ltr'>esse</span> <span class='ocrx_word' id='word_1_242' title='bbox 828 3430 964 3496; x_wconf 90' lang='lat' dir='ltr'>ductum</span> <span class='ocrx_word' id='word_1_243' title='bbox 997 3429 1099 3500; x_wconf 82' lang='lat' dir='ltr'>Silius</span> <span class='ocrx_word' id='word_1_244' title='bbox 1128 3429 1252 3506; x_wconf 77' lang='lat' dir='ltr'>tradit.</span> 
     </span>
     <span class='ocr_line' id='line_1_32' title="bbox 136 3533 847 3621; baseline -0.007 -19"><span class='ocrx_word' id='word_1_245' title='bbox 136 3533 241 3621; x_wconf 87' lang='lat' dir='ltr'>Cujus</span> <span class='ocrx_word' id='word_1_246' title='bbox 262 3534 364 3600; x_wconf 85' lang='lat' dir='ltr'>verba</span> <span class='ocrx_word' id='word_1_247' title='bbox 385 3534 467 3600; x_wconf 91' lang='lat' dir='ltr'>haec</span> <span class='ocrx_word' id='word_1_248' title='bbox 489 3543 580 3602; x_wconf 87' lang='lat' dir='ltr'>sunt:</span> <span class='ocrx_word' id='word_1_249' title='bbox 602 3534 660 3601; x_wconf 91' lang='lat' dir='ltr'>lib.</span> <span class='ocrx_word' id='word_1_250' title='bbox 684 3538 735 3619; x_wconf 82' lang='lat'>17,</span> <span class='ocrx_word' id='word_1_251' title='bbox 757 3537 847 3604; x_wconf 82' lang='lat'><strong>629.:</strong></span> 
     </span>
    </p>
   </div>
   <div class='ocr_carea' id='block_1_6' title="bbox 306 3671 1088 3818">
    <p class='ocr_par' dir='ltr' id='par_1_7' title="bbox 306 3671 1088 3818">
     <span class='ocr_line' id='line_1_33' title="bbox 307 3671 1088 3742; baseline -0.003 -16"><span class='ocrx_word' id='word_1_252' title='bbox 307 3673 381 3728; x_wconf 88' lang='lat' dir='ltr'>Ante</span> <span class='ocrx_word' id='word_1_253' title='bbox 398 3672 524 3742; x_wconf 85' lang='lat' dir='ltr'>Syphax,</span> <span class='ocrx_word' id='word_1_254' title='bbox 546 3671 650 3728; x_wconf 85' lang='lat' dir='ltr'>feretro</span> <span class='ocrx_word' id='word_1_255' title='bbox 667 3673 794 3728; x_wconf 83' lang='lat' dir='ltr'>residens</span> <span class='ocrx_word' id='word_1_256' title='bbox 812 3671 924 3740; x_wconf 86' lang='lat' dir='ltr'>captiva</span> <span class='ocrx_word' id='word_1_257' title='bbox 941 3672 1088 3740; x_wconf 86' lang='lat' dir='ltr'>premebat</span> 
     </span>
     <span class='ocr_line' id='line_1_34' title="bbox 306 3759 998 3818; baseline 0.001 -5"><span class='ocrx_word' id='word_1_258' title='bbox 306 3759 425 3816; x_wconf 85' lang='lat' dir='ltr'>Lumina</span> <span class='ocrx_word' id='word_1_259' title='bbox 442 3765 471 3816; x_wconf 87' lang='lat' dir='ltr'>et</span> <span class='ocrx_word' id='word_1_260' title='bbox 488 3766 601 3818; x_wconf 84' lang='lat' dir='ltr'>auratas</span> <span class='ocrx_word' id='word_1_261' title='bbox 620 3761 769 3816; x_wconf 87' lang='lat' dir='ltr'>servabant</span> <span class='ocrx_word' id='word_1_262' title='bbox 787 3761 859 3816; x_wconf 88' lang='lat' dir='ltr'>colla</span> <span class='ocrx_word' id='word_1_263' title='bbox 877 3763 998 3814; x_wconf 87' lang='lat' dir='ltr'>catenae.</span> 
     </span>
    </p>
   </div>
   <div class='ocr_carea' id='block_1_7' title="bbox 65 3881 1345 4278">
    <p class='ocr_par' dir='ltr' id='par_1_8' title="bbox 65 3881 1345 4278">
     <span class='ocr_line' id='line_1_35' title="bbox 65 3881 1257 3967; baseline 0.003 -22"><span class='ocrx_word' id='word_1_264' title='bbox 65 3935 71 3945; x_wconf 84' lang='lat'>.</span> <span class='ocrx_word' id='word_1_265' title='bbox 138 3883 234 3966; x_wconf 79' lang='lat' dir='ltr'>Quos</span> <span class='ocrx_word' id='word_1_266' title='bbox 262 3905 393 3966; x_wconf 84' lang='lat' dir='ltr'>versus,</span> <span class='ocrx_word' id='word_1_267' title='bbox 415 3905 490 3947; x_wconf 91' lang='lat' dir='ltr'>cum</span> <span class='ocrx_word' id='word_1_268' title='bbox 512 3882 629 3949; x_wconf 85' lang='lat' dir='ltr'>Livius</span> <span class='ocrx_word' id='word_1_269' title='bbox 652 3882 763 3948; x_wconf 89' lang='lat' dir='ltr'>tradat</span> <span class='ocrx_word' id='word_1_270' title='bbox 785 3881 841 3946; x_wconf 91' lang='lat' dir='ltr'>lib.</span> <span class='ocrx_word' id='word_1_271' title='bbox 865 3886 923 3965; x_wconf 82' lang='lat'>30,</span> <span class='ocrx_word' id='word_1_272' title='bbox 947 3903 1018 3967; x_wconf 88' lang='lat' dir='ltr'>cap.</span> <span class='ocrx_word' id='word_1_273' title='bbox 1040 3881 1107 3947; x_wconf 84' lang='lat'>45.:</span> <span class='ocrx_word' id='word_1_274' title='bbox 1131 3891 1257 3964; x_wconf 81' lang='lat' dir='ltr'>„morte</span> 
     </span>
     <span class='ocr_line' id='line_1_36' title="bbox 138 3982 1257 4071; baseline 0.002 -20"><span class='ocrx_word' id='word_1_275' title='bbox 138 3986 328 4052; x_wconf 88' lang='lat' dir='ltr'>subtractus</span> <span class='ocrx_word' id='word_1_276' title='bbox 356 3986 545 4071; x_wconf 87' lang='lat' dir='ltr'>spectaculo</span> <span class='ocrx_word' id='word_1_277' title='bbox 573 3986 679 4071; x_wconf 84' lang='lat' dir='ltr'>magis</span> <span class='ocrx_word' id='word_1_278' title='bbox 701 3983 870 4049; x_wconf 89' lang='lat' dir='ltr'>hominum</span> <span class='ocrx_word' id='word_1_279' title='bbox 897 4006 996 4068; x_wconf 90' lang='lat' dir='ltr'>quarn</span> <span class='ocrx_word' id='word_1_280' title='bbox 1022 3982 1257 4070; x_wconf 87' lang='lat' dir='ltr'>triumphantis</span> 
     </span>
     <span class='ocr_line' id='line_1_37' title="bbox 138 4086 1345 4176; baseline 0 -22"><span class='ocrx_word' id='word_1_281' title='bbox 138 4090 265 4176; x_wconf 86' lang='lat' dir='ltr'>gloriae</span> <span class='ocrx_word' id='word_1_282' title='bbox 293 4087 431 4176; x_wconf 83' lang='lat' dir='ltr'>Syphax</span> <span class='ocrx_word' id='word_1_283' title='bbox 458 4097 524 4172; x_wconf 76' lang='lat' dir='ltr'>est,</span> <span class='ocrx_word' id='word_1_284' title='bbox 551 4088 668 4153; x_wconf 86' lang='lat' dir='ltr'>Tiburi</span> <span class='ocrx_word' id='word_1_285' title='bbox 691 4086 783 4152; x_wconf 89' lang='lat' dir='ltr'>haud</span> <span class='ocrx_word' id='word_1_286' title='bbox 804 4087 852 4151; x_wconf 88' lang='lat' dir='ltr'>ita</span> <span class='ocrx_word' id='word_1_287' title='bbox 873 4087 977 4152; x_wconf 91' lang='lat' dir='ltr'>multo</span> <span class='ocrx_word' id='word_1_288' title='bbox 1002 4094 1076 4152; x_wconf 88' lang='lat' dir='ltr'>ante</span> <span class='ocrx_word' id='word_1_289' title='bbox 1094 4097 1257 4171; x_wconf 59' lang='lat' dir='ltr'>mortuus</span> <span class='ocrx_word' id='word_1_290' title='bbox 1339 4110 1345 4124; x_wconf 90' lang='lat'><strong>·</strong></span> 
     </span>
     <span class='ocr_line' id='line_1_38' title="bbox 138 4190 1259 4278; baseline -0.003 -20"><span class='ocrx_word' id='word_1_291' title='bbox 138 4215 205 4278; x_wconf 92' lang='lat' dir='ltr'>quo</span> <span class='ocrx_word' id='word_1_292' title='bbox 234 4192 275 4258; x_wconf 89' lang='lat' dir='ltr'>ab</span> <span class='ocrx_word' id='word_1_293' title='bbox 303 4193 392 4258; x_wconf 87' lang='lat' dir='ltr'>Alba</span> <span class='ocrx_word' id='word_1_294' title='bbox 421 4191 594 4262; x_wconf 82' lang='lat' dir='ltr'>traductus</span> <span class='ocrx_word' id='word_1_295' title='bbox 621 4191 773 4275; x_wconf 78' lang='lat' dir='ltr'>fuerat“‚</span> <span class='ocrx_word' id='word_1_296' title='bbox 804 4190 1083 4276; x_wconf 83' lang='lat' dir='ltr'>-interpretum</span> <span class='ocrx_word' id='word_1_297' title='bbox 1110 4191 1259 4257; x_wconf 91' lang='lat' dir='ltr'>nonnulli</span> 
     </span>
    </p>
   </div>
   <div class='ocr_carea' id='block_1_8' title="bbox 0 0 1577 4880">
    <p class='ocr_par' dir='ltr' id='par_1_9' title="bbox 0 0 1577 4880">
     <span class='ocr_line' id='line_1_39' title="bbox 0 0 1577 4880; baseline 0 0"><span class='ocrx_word' id='word_1_298' title='bbox 0 0 1577 4880; x_wconf 95' lang='lat' dir='ltr'> </span> 
     </span>
    </p>
   </div>
  </div>
 </body>
</html>
