<?xml version="1.0" encoding="UTF-8"?>
<!DOCTYPE html PUBLIC "-//W3C//DTD XHTML 1.0 Transitional//EN"
    "http://www.w3.org/TR/xhtml1/DTD/xhtml1-transitional.dtd">
<html xmlns="http://www.w3.org/1999/xhtml" xml:lang="en" lang="en">
 <head>
  <title>
</title>
<meta http-equiv="Content-Type" content="text/html;charset=utf-8" />
  <meta name='ocr-system' content='tesseract 3.04.00' />
  <meta name='ocr-capabilities' content='ocr_page ocr_carea ocr_par ocr_line ocrx_word'/>
</head>
<body>
  <div class='ocr_page' id='page_1' title='image "./decsiliiitalici00wezegoog_0018.png"; bbox 0 0 3096 4880; ppageno 0'>
   <div class='ocr_carea' id='block_1_1' title="bbox 725 285 764 351">
    <p class='ocr_par' dir='ltr' id='par_1_1' title="bbox 725 285 764 351">
     <span class='ocr_line' id='line_1_1' title="bbox 725 285 764 351; baseline 0.026 -1"><span class='ocrx_word' id='word_1_1' title='bbox 725 285 764 351; x_wconf 86' lang='lat'>13</span> 
     </span>
    </p>
   </div>
   <div class='ocr_carea' id='block_1_2' title="bbox 181 470 1341 1896">
    <p class='ocr_par' dir='ltr' id='par_1_2' title="bbox 181 470 1341 1896">
     <span class='ocr_line' id='line_1_2' title="bbox 182 470 1308 559; baseline 0 -23"><span class='ocrx_word' id='word_1_2' title='bbox 182 472 287 557; x_wconf 91' lang='lat' dir='ltr'>patris</span> <span class='ocrx_word' id='word_1_3' title='bbox 315 471 491 558; x_wconf 91' lang='lat' dir='ltr'>patruique</span> <span class='ocrx_word' id='word_1_4' title='bbox 521 479 701 557; x_wconf 78' lang='lat' dir='ltr'>spectaret,</span> <span class='ocrx_word' id='word_1_5' title='bbox 733 480 767 536; x_wconf 88' lang='lat' dir='ltr'>et</span> <span class='ocrx_word' id='word_1_6' title='bbox 794 470 1010 536; x_wconf 89' lang='lat' dir='ltr'>imitationem</span> <span class='ocrx_word' id='word_1_7' title='bbox 1039 473 1181 559; x_wconf 84' lang='lat' dir='ltr'>Vergilii</span> <span class='ocrx_word' id='word_1_8' title='bbox 1208 475 1308 559; x_wconf 87' lang='lat' dir='ltr'>(Aen.</span> 
     </span>
     <span class='ocr_line' id='line_1_3' title="bbox 181 572 1309 662; baseline 0.002 -24"><span class='ocrx_word' id='word_1_9' title='bbox 181 575 237 639; x_wconf 89' lang='lat' dir='ltr'>lib.</span> <span class='ocrx_word' id='word_1_10' title='bbox 261 577 297 662; x_wconf 92' lang='grc'>6)</span> <span class='ocrx_word' id='word_1_11' title='bbox 325 584 358 639; x_wconf 88' lang='lat' dir='ltr'>et</span> <span class='ocrx_word' id='word_1_12' title='bbox 385 574 524 640; x_wconf 87' lang='lat' dir='ltr'>Homeri</span> <span class='ocrx_word' id='word_1_13' title='bbox 552 572 693 661; x_wconf 90' lang='lat' dir='ltr'>(Odyss.</span> <span class='ocrx_word' id='word_1_14' title='bbox 716 574 773 639; x_wconf 92' lang='lat' dir='ltr'>lib.</span> <span class='ocrx_word' id='word_1_15' title='bbox 804 577 860 661; x_wconf 85' lang='lat'>11)</span> <span class='ocrx_word' id='word_1_16' title='bbox 883 573 1011 661; x_wconf 83' lang='lat' dir='ltr'>prodit3</span> <span class='ocrx_word' id='word_1_17' title='bbox 1039 584 1109 640; x_wconf 94' lang='lat' dir='ltr'>tum</span> <span class='ocrx_word' id='word_1_18' title='bbox 1138 577 1245 643; x_wconf 91' lang='lat' dir='ltr'>locum</span> <span class='ocrx_word' id='word_1_19' title='bbox 1268 576 1309 641; x_wconf 94' lang='lat' dir='ltr'>de</span> 
     </span>
     <span class='ocr_line' id='line_1_4' title="bbox 182 665 1307 764; baseline 0.004 -22"><span class='ocrx_word' id='word_1_20' title='bbox 182 676 381 744; x_wconf 84' lang='lat' dir='ltr'>Hannibalis</span> <span class='ocrx_word' id='word_1_21' title='bbox 410 677 516 763; x_wconf 91' lang='lat' dir='ltr'>clipeo</span> <span class='ocrx_word' id='word_1_22' title='bbox 546 675 649 743; x_wconf 85' lang='lat' dir='ltr'>Silius</span> <span class='ocrx_word' id='word_1_23' title='bbox 677 684 711 741; x_wconf 87' lang='lat' dir='ltr'>et</span> <span class='ocrx_word' id='word_1_24' title='bbox 736 679 888 764; x_wconf 90' lang='lat' dir='ltr'>Vergilio</span> <span class='ocrx_word' id='word_1_25' title='bbox 920 676 1033 762; x_wconf 91' lang='lat' dir='ltr'>debet,</span> <span class='ocrx_word' id='word_1_26' title='bbox 1062 665 1163 764; x_wconf 73' lang='lat' dir='ltr'>(A&#39;en.</span> <span class='ocrx_word' id='word_1_27' title='bbox 1192 680 1249 746; x_wconf 89' lang='lat' dir='ltr'>lib.</span> <span class='ocrx_word' id='word_1_28' title='bbox 1276 684 1307 764; x_wconf 89' lang='lat'>8,</span> 
     </span>
     <span class='ocr_line' id='line_1_5' title="bbox 181 779 1310 866; baseline 0.001 -21"><span class='ocrx_word' id='word_1_29' title='bbox 181 805 213 845; x_wconf 90' lang='lat' dir='ltr'>v.</span> <span class='ocrx_word' id='word_1_30' title='bbox 235 785 298 850; x_wconf 81' lang='grc'>626</span> <span class='ocrx_word' id='word_1_31' title='bbox 310 782 412 866; x_wconf 90' lang='lat' dir='ltr'>sqq),</span> <span class='ocrx_word' id='word_1_32' title='bbox 435 779 493 864; x_wconf 92' lang='lat' dir='ltr'>qui</span> <span class='ocrx_word' id='word_1_33' title='bbox 515 780 648 845; x_wconf 86' lang='lat' dir='ltr'>Aeneae</span> <span class='ocrx_word' id='word_1_34' title='bbox 670 779 812 866; x_wconf 88' lang='lat' dir='ltr'>clipeum</span> <span class='ocrx_word' id='word_1_35' title='bbox 834 781 947 846; x_wconf 92' lang='lat' dir='ltr'>multis</span> <span class='ocrx_word' id='word_1_36' title='bbox 969 782 1119 850; x_wconf 90' lang='lat' dir='ltr'>versibus</span> <span class='ocrx_word' id='word_1_37' title='bbox 1142 782 1310 866; x_wconf 76' lang='lat' dir='ltr'>describit,</span> 
     </span>
     <span class='ocr_line' id='line_1_6' title="bbox 182 882 1341 973; baseline 0.003 -26"><span class='ocrx_word' id='word_1_38' title='bbox 182 892 216 947; x_wconf 89' lang='lat' dir='ltr'>et</span> <span class='ocrx_word' id='word_1_39' title='bbox 230 883 389 966; x_wconf 91' lang='lat' dir='ltr'>Homero,</span> <span class='ocrx_word' id='word_1_40' title='bbox 406 883 519 968; x_wconf 84' lang='lat' dir='ltr'>quill.</span> <span class='ocrx_word' id='word_1_41' title='bbox 535 882 591 948; x_wconf 92' lang='lat' dir='ltr'>lib.</span> <span class='ocrx_word' id='word_1_42' title='bbox 612 887 661 967; x_wconf 83' lang='lat'>18,</span> <span class='ocrx_word' id='word_1_43' title='bbox 676 907 708 947; x_wconf 90' lang='lat' dir='ltr'>v.</span> <span class='ocrx_word' id='word_1_44' title='bbox 723 887 787 953; x_wconf 83' lang='grc'>478</span> <span class='ocrx_word' id='word_1_45' title='bbox 804 907 877 969; x_wconf 86' lang='lat' dir='ltr'>sqq.</span> <span class='ocrx_word' id='word_1_46' title='bbox 893 883 992 970; x_wconf 86' lang='lat' dir='ltr'>clipei</span> <span class='ocrx_word' id='word_1_47' title='bbox 1006 883 1150 952; x_wconf 89' lang='lat' dir='ltr'>Achillei</span> <span class='ocrx_word' id='word_1_48' title='bbox 1166 885 1309 973; x_wconf 91' lang='lat' dir='ltr'>splendi-</span> <span class='ocrx_word' id='word_1_49' title='bbox 1332 951 1341 970; x_wconf 55' lang='lat'>,</span> 
     </span>
     <span class='ocr_line' id='line_1_7' title="bbox 182 983 1308 1072; baseline 0.004 -22"><span class='ocrx_word' id='word_1_50' title='bbox 182 986 353 1054; x_wconf 81' lang='lat' dir='ltr'>dissimum</span> <span class='ocrx_word' id='word_1_51' title='bbox 368 984 477 1051; x_wconf 83' lang='lat' dir='ltr'>reddit</span> <span class='ocrx_word' id='word_1_52' title='bbox 492 985 682 1072; x_wconf 84' lang='lat' dir='ltr'>imaginem3</span> <span class='ocrx_word' id='word_1_53' title='bbox 706 983 848 1072; x_wconf 87' lang='lat' dir='ltr'>denique</span> <span class='ocrx_word' id='word_1_54' title='bbox 869 987 904 1050; x_wconf 89' lang='lat' dir='ltr'>in</span> <span class='ocrx_word' id='word_1_55' title='bbox 918 987 1108 1053; x_wconf 85' lang='lat' dir='ltr'>narratione</span> <span class='ocrx_word' id='word_1_56' title='bbox 1130 988 1171 1054; x_wconf 92' lang='lat' dir='ltr'>de</span> <span class='ocrx_word' id='word_1_57' title='bbox 1186 989 1308 1055; x_wconf 89' lang='lat' dir='ltr'>Proteo</span> 
     </span>
     <span class='ocr_line' id='line_1_8' title="bbox 181 1087 1309 1180; baseline 0.004 -26"><span class='ocrx_word' id='word_1_58' title='bbox 181 1091 252 1155; x_wconf 85' lang='lat' dir='ltr'>fata</span> <span class='ocrx_word' id='word_1_59' title='bbox 273 1090 386 1154; x_wconf 87' lang='lat' dir='ltr'>futura</span> <span class='ocrx_word' id='word_1_60' title='bbox 408 1087 565 1175; x_wconf 81' lang='lat' dir='ltr'>pendenti</span> <span class='ocrx_word' id='word_1_61' title='bbox 586 1089 708 1175; x_wconf 87' lang='lat' dir='ltr'>partim</span> <span class='ocrx_word' id='word_1_62' title='bbox 736 1089 923 1176; x_wconf 84' lang='lat' dir='ltr'>Vergilium</span> <span class='ocrx_word' id='word_1_63' title='bbox 945 1099 1078 1158; x_wconf 88' lang='lat' dir='ltr'>secutus</span> <span class='ocrx_word' id='word_1_64' title='bbox 1101 1101 1152 1158; x_wconf 90' lang='lat' dir='ltr'>est</span> <span class='ocrx_word' id='word_1_65' title='bbox 1166 1091 1309 1180; x_wconf 86' lang='lat' dir='ltr'>(Georg.</span> 
     </span>
     <span class='ocr_line' id='line_1_9' title="bbox 181 1190 1310 1282; baseline 0.005 -26"><span class='ocrx_word' id='word_1_66' title='bbox 181 1192 238 1258; x_wconf 91' lang='lat' dir='ltr'>lib.</span> <span class='ocrx_word' id='word_1_67' title='bbox 266 1197 305 1276; x_wconf 87' lang='lat'>4,</span> <span class='ocrx_word' id='word_1_68' title='bbox 333 1194 397 1261; x_wconf 82' lang='lat'>386</span> <span class='ocrx_word' id='word_1_69' title='bbox 423 1193 489 1278; x_wconf 90' lang='lat' dir='ltr'>sq.)</span> <span class='ocrx_word' id='word_1_70' title='bbox 518 1191 640 1279; x_wconf 88' lang='lat' dir='ltr'>partim</span> <span class='ocrx_word' id='word_1_71' title='bbox 666 1191 851 1257; x_wconf 89' lang='lat' dir='ltr'>Homerum</span> <span class='ocrx_word' id='word_1_72' title='bbox 879 1190 1021 1282; x_wconf 88' lang='lat' dir='ltr'>(Odyss.</span> <span class='ocrx_word' id='word_1_73' title='bbox 1050 1197 1083 1276; x_wconf 87' lang='grc' dir='ltr'>δ,</span> <span class='ocrx_word' id='word_1_74' title='bbox 1111 1199 1176 1264; x_wconf 84' lang='grc'>382</span> <span class='ocrx_word' id='word_1_75' title='bbox 1204 1198 1310 1282; x_wconf 89' lang='lat' dir='ltr'>sqq.);</span> 
     </span>
     <span class='ocr_line' id='line_1_10' title="bbox 182 1292 1310 1383; baseline 0.005 -23"><span class='ocrx_word' id='word_1_76' title='bbox 182 1304 349 1380; x_wconf 75' lang='lat' dir='ltr'>postremo</span> <span class='ocrx_word' id='word_1_77' title='bbox 371 1294 554 1360; x_wconf 86' lang='lat' dir='ltr'>narrationi</span> <span class='ocrx_word' id='word_1_78' title='bbox 575 1316 706 1381; x_wconf 86' lang='lat' dir='ltr'>pugnae</span> <span class='ocrx_word' id='word_1_79' title='bbox 729 1292 911 1362; x_wconf 85' lang='lat' dir='ltr'>Cannensis</span> <span class='ocrx_word' id='word_1_80' title='bbox 934 1297 1160 1364; x_wconf 80' lang='lat' dir='ltr'>atrocissimae</span> <span class='ocrx_word' id='word_1_81' title='bbox 1182 1298 1254 1383; x_wconf 87' lang='lat' dir='ltr'>(lib.</span> <span class='ocrx_word' id='word_1_82' title='bbox 1278 1303 1310 1381; x_wconf 89' lang='lat'>9,</span> 
     </span>
     <span class='ocr_line' id='line_1_11' title="bbox 182 1394 1308 1486; baseline 0.004 -24"><span class='ocrx_word' id='word_1_83' title='bbox 182 1423 213 1463; x_wconf 87' lang='lat' dir='ltr'>v.</span> <span class='ocrx_word' id='word_1_84' title='bbox 237 1402 299 1468; x_wconf 75' lang='lat'>287</span> <span class='ocrx_word' id='word_1_85' title='bbox 323 1400 413 1484; x_wconf 89' lang='lat' dir='ltr'>sqq.)</span> <span class='ocrx_word' id='word_1_86' title='bbox 437 1397 539 1465; x_wconf 88' lang='lat' dir='ltr'>Silius</span> <span class='ocrx_word' id='word_1_87' title='bbox 560 1399 641 1465; x_wconf 64' lang='grc' dir='ltr'>ἓτεῶν</span> <span class='ocrx_word' id='word_1_88' title='bbox 663 1394 768 1486; x_wconf 78' lang='grc' dir='ltr'>μάχην</span> <span class='ocrx_word' id='word_1_89' title='bbox 790 1397 947 1483; x_wconf 85' lang='lat' dir='ltr'>intexuit,</span> <span class='ocrx_word' id='word_1_90' title='bbox 971 1407 1004 1464; x_wconf 89' lang='lat' dir='ltr'>et</span> <span class='ocrx_word' id='word_1_91' title='bbox 1026 1398 1069 1464; x_wconf 90' lang='lat' dir='ltr'>ad</span> <span class='ocrx_word' id='word_1_92' title='bbox 1089 1400 1230 1465; x_wconf 90' lang='lat' dir='ltr'>Homeri</span> <span class='ocrx_word' id='word_1_93' title='bbox 1252 1403 1308 1486; x_wconf 91' lang='lat' dir='ltr'>(Il.</span> 
     </span>
     <span class='ocr_line' id='line_1_12' title="bbox 182 1499 1309 1590; baseline 0.001 -22"><span class='ocrx_word' id='word_1_94' title='bbox 182 1507 225 1584; x_wconf 91' lang='grc' dir='ltr'>Υ,</span> <span class='ocrx_word' id='word_1_95' title='bbox 240 1506 281 1570; x_wconf 80' lang='grc'>32</span> <span class='ocrx_word' id='word_1_96' title='bbox 294 1503 384 1587; x_wconf 91' lang='lat' dir='ltr'>sqq.)</span> <span class='ocrx_word' id='word_1_97' title='bbox 395 1510 429 1566; x_wconf 91' lang='lat' dir='ltr'>et</span> <span class='ocrx_word' id='word_1_98' title='bbox 444 1499 486 1566; x_wconf 89' lang='lat' dir='ltr'>ad</span> <span class='ocrx_word' id='word_1_99' title='bbox 498 1500 642 1586; x_wconf 84' lang='lat' dir='ltr'>Vergilii</span> <span class='ocrx_word' id='word_1_100' title='bbox 659 1500 761 1584; x_wconf 86' lang='lat' dir='ltr'>(Aen.</span> <span class='ocrx_word' id='word_1_101' title='bbox 773 1500 830 1566; x_wconf 91' lang='lat' dir='ltr'>lib.</span> <span class='ocrx_word' id='word_1_102' title='bbox 844 1506 875 1585; x_wconf 83' lang='lat'>7,</span> <span class='ocrx_word' id='word_1_103' title='bbox 885 1525 917 1566; x_wconf 87' lang='lat' dir='ltr'>v.</span> <span class='ocrx_word' id='word_1_104' title='bbox 940 1506 1005 1571; x_wconf 76' lang='lat'>620</span> <span class='ocrx_word' id='word_1_105' title='bbox 1019 1504 1109 1587; x_wconf 88' lang='lat' dir='ltr'>sqq.)</span> <span class='ocrx_word' id='word_1_106' title='bbox 1124 1504 1309 1590; x_wconf 85' lang='lat' dir='ltr'>exemplum</span> 
     </span>
     <span class='ocr_line' id='line_1_13' title="bbox 182 1601 1308 1686; baseline 0.003 -17"><span class='ocrx_word' id='word_1_107' title='bbox 182 1603 420 1671; x_wconf 86' lang='lat' dir='ltr'>adumbratam.</span> <span class='ocrx_word' id='word_1_108' title='bbox 449 1631 452 1645; x_wconf 92' lang='grc'>·</span> <span class='ocrx_word' id='word_1_109' title='bbox 466 1602 533 1670; x_wconf 90' lang='lat' dir='ltr'>Sed</span> <span class='ocrx_word' id='word_1_110' title='bbox 557 1624 690 1686; x_wconf 92' lang='lat' dir='ltr'>quoquo</span> <span class='ocrx_word' id='word_1_111' title='bbox 706 1601 804 1668; x_wconf 93' lang='lat' dir='ltr'>modo</span> <span class='ocrx_word' id='word_1_112' title='bbox 821 1626 873 1670; x_wconf 91' lang='lat' dir='ltr'>res</span> <span class='ocrx_word' id='word_1_113' title='bbox 890 1626 924 1669; x_wconf 90' lang='lat' dir='ltr'>se</span> <span class='ocrx_word' id='word_1_114' title='bbox 939 1603 1040 1669; x_wconf 91' lang='lat' dir='ltr'>habet</span> <span class='ocrx_word' id='word_1_115' title='bbox 1054 1613 1185 1672; x_wconf 88' lang='lat' dir='ltr'>constat</span> <span class='ocrx_word' id='word_1_116' title='bbox 1199 1614 1308 1678; x_wconf 89' lang='lat' dir='ltr'>tamen</span> 
     </span>
     <span class='ocr_line' id='line_1_14' title="bbox 182 1703 1308 1794; baseline 0.003 -23"><span class='ocrx_word' id='word_1_117' title='bbox 182 1707 355 1792; x_wconf 89' lang='lat' dir='ltr'>utriusque</span> <span class='ocrx_word' id='word_1_118' title='bbox 378 1715 495 1793; x_wconf 89' lang='lat' dir='ltr'>poetae</span> <span class='ocrx_word' id='word_1_119' title='bbox 519 1703 705 1771; x_wconf 87' lang='lat' dir='ltr'>studiosum</span> <span class='ocrx_word' id='word_1_120' title='bbox 728 1705 831 1770; x_wconf 85' lang='lat' dir='ltr'>fuisse</span> <span class='ocrx_word' id='word_1_121' title='bbox 854 1705 990 1789; x_wconf 91' lang='lat' dir='ltr'>Silium,</span> <span class='ocrx_word' id='word_1_122' title='bbox 1014 1715 1113 1791; x_wconf 89' lang='lat' dir='ltr'>atque</span> <span class='ocrx_word' id='word_1_123' title='bbox 1135 1709 1308 1794; x_wconf 91' lang='lat' dir='ltr'>utriusque</span> 
     </span>
     <span class='ocr_line' id='line_1_15' title="bbox 183 1806 1308 1896; baseline 0 -21"><span class='ocrx_word' id='word_1_124' title='bbox 183 1820 300 1896; x_wconf 90' lang='lat' dir='ltr'>poetae</span> <span class='ocrx_word' id='word_1_125' title='bbox 316 1810 461 1875; x_wconf 90' lang='lat' dir='ltr'>carmina</span> <span class='ocrx_word' id='word_1_126' title='bbox 476 1806 731 1893; x_wconf 86' lang='lat' dir='ltr'>diligentissime</span> <span class='ocrx_word' id='word_1_127' title='bbox 741 1807 918 1873; x_wconf 87' lang='lat' dir='ltr'>lectitasse.</span> <span class='ocrx_word' id='word_1_128' title='bbox 963 1808 1016 1873; x_wconf 91' lang='lat' dir='ltr'>De</span> <span class='ocrx_word' id='word_1_129' title='bbox 1031 1810 1182 1894; x_wconf 88' lang='lat' dir='ltr'>Vergilio</span> <span class='ocrx_word' id='word_1_130' title='bbox 1199 1820 1308 1876; x_wconf 89' lang='lat' dir='ltr'>autem</span> 
     </span>
    </p>
   </div>
   <div class='ocr_carea' id='block_1_3' title="bbox 183 1909 1408 1998">
    <p class='ocr_par' dir='ltr' id='par_1_3' title="bbox 183 1909 1408 1998">
     <span class='ocr_line' id='line_1_16' title="bbox 183 1909 1408 1998; baseline 0 -23"><span class='ocrx_word' id='word_1_131' title='bbox 183 1913 266 1979; x_wconf 90' lang='lat' dir='ltr'>Silio</span> <span class='ocrx_word' id='word_1_132' title='bbox 289 1919 466 1998; x_wconf 86' lang='lat' dir='ltr'>praeeunte</span> <span class='ocrx_word' id='word_1_133' title='bbox 490 1910 668 1996; x_wconf 88' lang='lat' dir='ltr'>separatim</span> <span class='ocrx_word' id='word_1_134' title='bbox 688 1919 720 1974; x_wconf 90' lang='lat' dir='ltr'>et</span> <span class='ocrx_word' id='word_1_135' title='bbox 743 1910 878 1977; x_wconf 89' lang='lat' dir='ltr'>uberius</span> <span class='ocrx_word' id='word_1_136' title='bbox 900 1933 987 1976; x_wconf 91' lang='lat' dir='ltr'>nunc</span> <span class='ocrx_word' id='word_1_137' title='bbox 1009 1909 1170 1978; x_wconf 90' lang='lat' dir='ltr'>disserere</span> <span class='ocrx_word' id='word_1_138' title='bbox 1192 1935 1309 1977; x_wconf 88' lang='lat' dir='ltr'>vereor</span> <span class='ocrx_word' id='word_1_139' title='bbox 1402 1961 1408 1982; x_wconf 89' lang='lat'>.</span> 
     </span>
    </p>
   </div>
   <div class='ocr_carea' id='block_1_4' title="bbox 181 2012 1308 2407">
    <p class='ocr_par' dir='ltr' id='par_1_4' title="bbox 181 2012 1308 2407">
     <span class='ocr_line' id='line_1_17' title="bbox 181 2012 1308 2100; baseline 0.001 -22"><span class='ocrx_word' id='word_1_140' title='bbox 181 2037 222 2078; x_wconf 91' lang='lat' dir='ltr'>ne</span> <span class='ocrx_word' id='word_1_141' title='bbox 250 2014 294 2079; x_wconf 93' lang='lat' dir='ltr'>sit</span> <span class='ocrx_word' id='word_1_142' title='bbox 322 2035 584 2097; x_wconf 83' lang='lat' dir='ltr'>supervacaneus</span> <span class='ocrx_word' id='word_1_143' title='bbox 616 2012 719 2078; x_wconf 92' lang='lat' dir='ltr'>labor.</span> <span class='ocrx_word' id='word_1_144' title='bbox 764 2013 912 2092; x_wconf 84' lang='lat' dir='ltr'>Primum</span> <span class='ocrx_word' id='word_1_145' title='bbox 939 2014 1025 2078; x_wconf 93' lang='lat' dir='ltr'>enim</span> <span class='ocrx_word' id='word_1_146' title='bbox 1057 2035 1109 2079; x_wconf 89' lang='lat' dir='ltr'>res</span> <span class='ocrx_word' id='word_1_147' title='bbox 1143 2015 1216 2100; x_wconf 92' lang='lat' dir='ltr'>ipsa</span> <span class='ocrx_word' id='word_1_148' title='bbox 1239 2017 1308 2100; x_wconf 88' lang='lat' dir='ltr'>jam</span> 
     </span>
     <span class='ocr_line' id='line_1_18' title="bbox 182 2113 1307 2201; baseline 0.002 -22"><span class='ocrx_word' id='word_1_149' title='bbox 182 2115 356 2180; x_wconf 89' lang='lat' dir='ltr'>notissima</span> <span class='ocrx_word' id='word_1_150' title='bbox 379 2123 429 2180; x_wconf 89' lang='lat' dir='ltr'>est</span> <span class='ocrx_word' id='word_1_151' title='bbox 452 2113 492 2179; x_wconf 93' lang='lat' dir='ltr'>de</span> <span class='ocrx_word' id='word_1_152' title='bbox 514 2137 581 2199; x_wconf 89' lang='lat' dir='ltr'>qua</span> <span class='ocrx_word' id='word_1_153' title='bbox 603 2123 734 2201; x_wconf 89' lang='lat' dir='ltr'>praeter</span> <span class='ocrx_word' id='word_1_154' title='bbox 755 2114 830 2182; x_wconf 87' lang='lat' dir='ltr'>Silii</span> <span class='ocrx_word' id='word_1_155' title='bbox 852 2116 1047 2201; x_wconf 90' lang='lat' dir='ltr'>interpretes</span> <span class='ocrx_word' id='word_1_156' title='bbox 1070 2117 1104 2180; x_wconf 94' lang='lat' dir='ltr'>in</span> <span class='ocrx_word' id='word_1_157' title='bbox 1126 2116 1307 2182; x_wconf 91' lang='lat' dir='ltr'>editionum</span> 
     </span>
     <span class='ocr_line' id='line_1_19' title="bbox 183 2216 1307 2304; baseline 0.004 -23"><span class='ocrx_word' id='word_1_158' title='bbox 183 2218 456 2304; x_wconf 85' lang='lat' dir='ltr'>praefationibus,</span> <span class='ocrx_word' id='word_1_159' title='bbox 483 2218 533 2281; x_wconf 89' lang='lat' dir='ltr'>vir</span> <span class='ocrx_word' id='word_1_160' title='bbox 555 2216 674 2284; x_wconf 86' lang='lat' dir='ltr'>doctus</span> <span class='ocrx_word' id='word_1_161' title='bbox 696 2217 879 2304; x_wconf 86' lang='lat' dir='ltr'>disputavit</span> <span class='ocrx_word' id='word_1_162' title='bbox 908 2219 941 2283; x_wconf 95' lang='lat' dir='ltr'>in</span> <span class='ocrx_word' id='word_1_163' title='bbox 968 2219 1052 2285; x_wconf 92' lang='lat' dir='ltr'>libro</span> <span class='ocrx_word' id='word_1_164' title='bbox 1077 2220 1134 2304; x_wconf 88' lang='lat' dir='ltr'>qui</span> <span class='ocrx_word' id='word_1_165' title='bbox 1156 2221 1307 2286; x_wconf 90' lang='lat' dir='ltr'>inscribi-</span> 
     </span>
     <span class='ocr_line' id='line_1_20' title="bbox 182 2318 1307 2407; baseline 0.003 -22"><span class='ocrx_word' id='word_1_166' title='bbox 182 2330 253 2385; x_wconf 89' lang='lat' dir='ltr'>tur:</span> <span class='ocrx_word' id='word_1_167' title='bbox 266 2318 457 2406; x_wconf 75' lang='lat' dir='ltr'>Nachtritge</span> <span class='ocrx_word' id='word_1_168' title='bbox 469 2343 511 2383; x_wconf 91' lang='lat' dir='ltr'>zu</span> <span class='ocrx_word' id='word_1_169' title='bbox 526 2319 670 2387; x_wconf 76' lang='lat' dir='ltr'>Sulzer&#39;s</span> <span class='ocrx_word' id='word_1_170' title='bbox 691 2321 900 2407; x_wconf 84' lang='lat' dir='ltr'>allgemeiner</span> <span class='ocrx_word' id='word_1_171' title='bbox 914 2320 1054 2388; x_wconf 77' lang='lat' dir='ltr'>Theorie</span> <span class='ocrx_word' id='word_1_172' title='bbox 1071 2321 1129 2387; x_wconf 91' lang='lat' dir='ltr'>der</span> <span class='ocrx_word' id='word_1_173' title='bbox 1145 2321 1307 2389; x_wconf 86' lang='lat' dir='ltr'>schoenen</span> 
     </span>
    </p>
   </div>
   <div class='ocr_carea' id='block_1_5' title="bbox 180 2422 1307 3127">
    <p class='ocr_par' dir='ltr' id='par_1_5' title="bbox 180 2422 1307 3127">
     <span class='ocr_line' id='line_1_21' title="bbox 181 2422 1307 2510; baseline 0.003 -22"><span class='ocrx_word' id='word_1_174' title='bbox 181 2424 341 2508; x_wconf 89' lang='lat' dir='ltr'>Kuenste,</span> <span class='ocrx_word' id='word_1_175' title='bbox 363 2423 429 2488; x_wconf 89' lang='lat' dir='ltr'>vol.</span> <span class='ocrx_word' id='word_1_176' title='bbox 452 2423 535 2507; x_wconf 89' lang='lat' dir='ltr'>VII,</span> <span class='ocrx_word' id='word_1_177' title='bbox 558 2446 627 2510; x_wconf 91' lang='lat' dir='ltr'>par.</span> <span class='ocrx_word' id='word_1_178' title='bbox 652 2422 680 2508; x_wconf 90' lang='lat' dir='ltr'>I,</span> <span class='ocrx_word' id='word_1_179' title='bbox 703 2447 779 2510; x_wconf 87' lang='lat' dir='ltr'>pag.</span> <span class='ocrx_word' id='word_1_180' title='bbox 802 2428 865 2493; x_wconf 80' lang='lat'>369</span> <span class='ocrx_word' id='word_1_181' title='bbox 886 2447 958 2510; x_wconf 91' lang='lat' dir='ltr'>sqq.</span> <span class='ocrx_word' id='word_1_182' title='bbox 1003 2423 1132 2490; x_wconf 87' lang='lat' dir='ltr'>Deinde</span> <span class='ocrx_word' id='word_1_183' title='bbox 1154 2425 1307 2491; x_wconf 89' lang='lat' dir='ltr'>Draken-</span> 
     </span>
     <span class='ocr_line' id='line_1_22' title="bbox 180 2524 1306 2614; baseline 0.003 -22"><span class='ocrx_word' id='word_1_184' title='bbox 180 2525 354 2610; x_wconf 87' lang='lat' dir='ltr'>borohius,</span> <span class='ocrx_word' id='word_1_185' title='bbox 388 2526 551 2592; x_wconf 85' lang='lat' dir='ltr'>Lefebure</span> <span class='ocrx_word' id='word_1_186' title='bbox 582 2524 623 2590; x_wconf 90' lang='lat' dir='ltr'>de</span> <span class='ocrx_word' id='word_1_187' title='bbox 657 2525 868 2611; x_wconf 90' lang='lat' dir='ltr'>Villebrune,</span> <span class='ocrx_word' id='word_1_188' title='bbox 900 2527 1094 2611; x_wconf 84' lang='lat' dir='ltr'>Emestius,</span> <span class='ocrx_word' id='word_1_189' title='bbox 1125 2526 1306 2614; x_wconf 89' lang='lat' dir='ltr'>Rupertius</span> 
     </span>
     <span class='ocr_line' id='line_1_23' title="bbox 181 2627 1306 2719; baseline 0.004 -26"><span class='ocrx_word' id='word_1_190' title='bbox 181 2653 322 2715; x_wconf 92' lang='lat' dir='ltr'>quorum</span> <span class='ocrx_word' id='word_1_191' title='bbox 344 2627 506 2694; x_wconf 91' lang='lat' dir='ltr'>editiones</span> <span class='ocrx_word' id='word_1_192' title='bbox 529 2636 662 2715; x_wconf 87' lang='lat' dir='ltr'>praesto</span> <span class='ocrx_word' id='word_1_193' title='bbox 678 2627 759 2693; x_wconf 83' lang='lat' dir='ltr'>milri</span> <span class='ocrx_word' id='word_1_194' title='bbox 781 2638 868 2714; x_wconf 89' lang='lat' dir='ltr'>sunt,</span> <span class='ocrx_word' id='word_1_195' title='bbox 891 2631 925 2694; x_wconf 93' lang='lat' dir='ltr'>in</span> <span class='ocrx_word' id='word_1_196' title='bbox 947 2631 1065 2715; x_wconf 83' lang='lat' dir='ltr'>quavis</span> <span class='ocrx_word' id='word_1_197' title='bbox 1087 2630 1164 2696; x_wconf 90' lang='lat' dir='ltr'>libri</span> <span class='ocrx_word' id='word_1_198' title='bbox 1183 2634 1306 2719; x_wconf 87' lang='lat' dir='ltr'>pagina</span> 
     </span>
     <span class='ocr_line' id='line_1_24' title="bbox 181 2731 1305 2818; baseline 0.001 -20"><span class='ocrx_word' id='word_1_199' title='bbox 181 2732 427 2798; x_wconf 87' lang='lat' dir='ltr'>accuratissime</span> <span class='ocrx_word' id='word_1_200' title='bbox 454 2732 546 2797; x_wconf 88' lang='lat' dir='ltr'>locos</span> <span class='ocrx_word' id='word_1_201' title='bbox 567 2731 710 2817; x_wconf 87' lang='lat' dir='ltr'>Vergilii</span> <span class='ocrx_word' id='word_1_202' title='bbox 732 2755 906 2818; x_wconf 87' lang='lat' dir='ltr'>expressos</span> <span class='ocrx_word' id='word_1_203' title='bbox 933 2733 986 2797; x_wconf 89' lang='lat' dir='ltr'>vel</span> <span class='ocrx_word' id='word_1_204' title='bbox 1007 2731 1221 2802; x_wconf 90' lang='lat' dir='ltr'>adumbratos</span> <span class='ocrx_word' id='word_1_205' title='bbox 1248 2735 1305 2800; x_wconf 89' lang='lat' dir='ltr'>ad-</span> 
     </span>
     <span class='ocr_line' id='line_1_25' title="bbox 180 2832 1306 2922; baseline 0.004 -24"><span class='ocrx_word' id='word_1_206' title='bbox 180 2842 387 2900; x_wconf 80' lang='lat' dir='ltr'>notavenmt.</span> <span class='ocrx_word' id='word_1_207' title='bbox 431 2833 584 2918; x_wconf 91' lang='lat' dir='ltr'>Denique</span> <span class='ocrx_word' id='word_1_208' title='bbox 607 2834 676 2899; x_wconf 87' lang='lat' dir='ltr'>Leo</span> <span class='ocrx_word' id='word_1_209' title='bbox 705 2832 883 2901; x_wconf 85' lang='lat' dir='ltr'>Cholevius</span> <span class='ocrx_word' id='word_1_210' title='bbox 905 2836 939 2901; x_wconf 93' lang='lat' dir='ltr'>in</span> <span class='ocrx_word' id='word_1_211' title='bbox 967 2835 1199 2903; x_wconf 86' lang='lat' dir='ltr'>dissertatione</span> <span class='ocrx_word' id='word_1_212' title='bbox 1221 2861 1306 2922; x_wconf 89' lang='lat' dir='ltr'>quae</span> 
     </span>
     <span class='ocr_line' id='line_1_26' title="bbox 180 2934 1305 3025; baseline 0.003 -25"><span class='ocrx_word' id='word_1_213' title='bbox 180 2936 388 3004; x_wconf 87' lang='lat' dir='ltr'>inscribitur:</span> <span class='ocrx_word' id='word_1_214' title='bbox 413 2934 573 3023; x_wconf 86' lang='lat' dir='ltr'>Epitheta</span> <span class='ocrx_word' id='word_1_215' title='bbox 595 2937 746 3002; x_wconf 86' lang='lat' dir='ltr'>ornantia</span> <span class='ocrx_word' id='word_1_216' title='bbox 768 2938 888 3021; x_wconf 88' lang='lat' dir='ltr'>quibus</span> <span class='ocrx_word' id='word_1_217' title='bbox 910 2939 1017 3002; x_wconf 89' lang='lat' dir='ltr'>utitur</span> <span class='ocrx_word' id='word_1_218' title='bbox 1038 2939 1208 3025; x_wconf 91' lang='lat' dir='ltr'>Vergilius</span> <span class='ocrx_word' id='word_1_219' title='bbox 1232 2963 1305 3004; x_wconf 90' lang='lat' dir='ltr'>cum</span> 
     </span>
     <span class='ocr_line' id='line_1_27' title="bbox 181 3038 1304 3127; baseline 0.003 -23"><span class='ocrx_word' id='word_1_220' title='bbox 181 3042 227 3106; x_wconf 89' lang='lat' dir='ltr'>eis</span> <span class='ocrx_word' id='word_1_221' title='bbox 251 3047 442 3125; x_wconf 89' lang='lat' dir='ltr'>comparata</span> <span class='ocrx_word' id='word_1_222' title='bbox 463 3038 584 3123; x_wconf 89' lang='lat' dir='ltr'>quibus</span> <span class='ocrx_word' id='word_1_223' title='bbox 606 3041 807 3126; x_wconf 87' lang='lat' dir='ltr'>posteriores</span> <span class='ocrx_word' id='word_1_224' title='bbox 831 3041 916 3126; x_wconf 87' lang='lat' dir='ltr'>epici</span> <span class='ocrx_word' id='word_1_225' title='bbox 937 3041 1045 3124; x_wconf 90' lang='lat' dir='ltr'>latini,</span> <span class='ocrx_word' id='word_1_226' title='bbox 1068 3043 1209 3106; x_wconf 86' lang='lat' dir='ltr'>maxime</span> <span class='ocrx_word' id='word_1_227' title='bbox 1231 3044 1304 3127; x_wconf 92' lang='lat' dir='ltr'>qui-</span> 
     </span>
    </p>
   </div>
   <div class='ocr_carea' id='block_1_6' title="bbox 178 3142 1305 4256">
    <p class='ocr_par' dir='ltr' id='par_1_6' title="bbox 178 3142 1305 4256">
     <span class='ocr_line' id='line_1_28' title="bbox 181 3142 1305 3229; baseline 0.002 -21"><span class='ocrx_word' id='word_1_228' title='bbox 181 3142 254 3208; x_wconf 87' lang='lat' dir='ltr'>dem</span> <span class='ocrx_word' id='word_1_229' title='bbox 277 3142 391 3227; x_wconf 88' lang='lat' dir='ltr'>Silius,</span> <span class='ocrx_word' id='word_1_230' title='bbox 413 3142 559 3206; x_wconf 89' lang='lat' dir='ltr'>carmina</span> <span class='ocrx_word' id='word_1_231' title='bbox 581 3165 641 3209; x_wconf 88' lang='lat' dir='ltr'>sua</span> <span class='ocrx_word' id='word_1_232' title='bbox 663 3142 900 3228; x_wconf 85' lang='lat' dir='ltr'>distinxerunt,</span> <span class='ocrx_word' id='word_1_233' title='bbox 923 3143 1172 3229; x_wconf 89' lang='lat' dir='ltr'>demonstravit,</span> <span class='ocrx_word' id='word_1_234' title='bbox 1196 3145 1305 3210; x_wconf 85' lang='lat' dir='ltr'>allatis</span> 
     </span>
     <span class='ocr_line' id='line_1_29' title="bbox 181 3244 1304 3332; baseline 0.001 -22"><span class='ocrx_word' id='word_1_235' title='bbox 181 3245 332 3312; x_wconf 93' lang='lat' dir='ltr'>omnibus</span> <span class='ocrx_word' id='word_1_236' title='bbox 364 3244 520 3332; x_wconf 92' lang='lat' dir='ltr'>epithetis</span> <span class='ocrx_word' id='word_1_237' title='bbox 548 3245 741 3312; x_wconf 89' lang='lat' dir='ltr'>ornantibus</span> <span class='ocrx_word' id='word_1_238' title='bbox 763 3245 945 3332; x_wconf 89' lang='lat' dir='ltr'>primorum</span> <span class='ocrx_word' id='word_1_239' title='bbox 967 3269 1026 3312; x_wconf 86' lang='lat' dir='ltr'>sex</span> <span class='ocrx_word' id='word_1_240' title='bbox 1048 3246 1207 3311; x_wconf 91' lang='lat' dir='ltr'>librorum</span> <span class='ocrx_word' id='word_1_241' title='bbox 1230 3248 1304 3314; x_wconf 87' lang='lat' dir='ltr'>Silii</span> 
     </span>
     <span class='ocr_line' id='line_1_30' title="bbox 180 3348 1304 3436; baseline 0.002 -23"><span class='ocrx_word' id='word_1_242' title='bbox 180 3357 213 3413; x_wconf 92' lang='lat' dir='ltr'>et</span> <span class='ocrx_word' id='word_1_243' title='bbox 235 3371 309 3414; x_wconf 89' lang='lat' dir='ltr'>cum</span> <span class='ocrx_word' id='word_1_244' title='bbox 331 3348 534 3435; x_wconf 85' lang='lat' dir='ltr'>Vergilianis</span> <span class='ocrx_word' id='word_1_245' title='bbox 557 3348 767 3434; x_wconf 90' lang='lat' dir='ltr'>comparatis,</span> <span class='ocrx_word' id='word_1_246' title='bbox 789 3358 950 3434; x_wconf 89' lang='lat' dir='ltr'>quatenus</span> <span class='ocrx_word' id='word_1_247' title='bbox 974 3349 1076 3416; x_wconf 90' lang='lat' dir='ltr'>Silius</span> <span class='ocrx_word' id='word_1_248' title='bbox 1099 3373 1139 3414; x_wconf 88' lang='lat' dir='ltr'>ex</span> <span class='ocrx_word' id='word_1_249' title='bbox 1154 3351 1304 3436; x_wconf 87' lang='lat' dir='ltr'>Vergilio</span> 
     </span>
     <span class='ocr_line' id='line_1_31' title="bbox 181 3449 1304 3538; baseline 0 -22"><span class='ocrx_word' id='word_1_250' title='bbox 181 3450 346 3538; x_wconf 91' lang='lat' dir='ltr'>penderet.</span> <span class='ocrx_word' id='word_1_251' title='bbox 391 3451 564 3518; x_wconf 90' lang='lat' dir='ltr'>Postremo</span> <span class='ocrx_word' id='word_1_252' title='bbox 580 3451 777 3516; x_wconf 90' lang='lat' dir='ltr'>mentionem</span> <span class='ocrx_word' id='word_1_253' title='bbox 799 3452 907 3516; x_wconf 86' lang='lat' dir='ltr'>facere</span> <span class='ocrx_word' id='word_1_254' title='bbox 928 3452 1027 3516; x_wconf 89' lang='lat' dir='ltr'>liceat</span> <span class='ocrx_word' id='word_1_255' title='bbox 1050 3449 1153 3518; x_wconf 89' lang='lat' dir='ltr'>libelli</span> <span class='ocrx_word' id='word_1_256' title='bbox 1175 3453 1233 3536; x_wconf 92' lang='lat' dir='ltr'>qui</span> <span class='ocrx_word' id='word_1_257' title='bbox 1255 3453 1304 3516; x_wconf 93' lang='lat' dir='ltr'>in-</span> 
     </span>
     <span class='ocr_line' id='line_1_32' title="bbox 181 3551 1303 3640; baseline 0 -21"><span class='ocrx_word' id='word_1_258' title='bbox 181 3554 351 3620; x_wconf 88' lang='lat' dir='ltr'>scribitur:</span> <span class='ocrx_word' id='word_1_259' title='bbox 364 3554 529 3640; x_wconf 91' lang='lat' dir='ltr'>„Vergilii</span> <span class='ocrx_word' id='word_1_260' title='bbox 543 3551 778 3640; x_wconf 89' lang='lat' dir='ltr'>triumphantis</span> <span class='ocrx_word' id='word_1_261' title='bbox 792 3555 870 3619; x_wconf 90' lang='lat' dir='ltr'>libri</span> <span class='ocrx_word' id='word_1_262' title='bbox 884 3563 952 3621; x_wconf 90' lang='lat' dir='ltr'>tres</span> <span class='ocrx_word' id='word_1_263' title='bbox 966 3554 1100 3620; x_wconf 87' lang='lat' dir='ltr'>inflante</span> <span class='ocrx_word' id='word_1_264' title='bbox 1111 3553 1303 3620; x_wconf 84' lang='lat' dir='ltr'>Alexandro</span> 
     </span>
     <span class='ocr_line' id='line_1_33' title="bbox 179 3654 1305 3743; baseline 0.003 -23"><span class='ocrx_word' id='word_1_265' title='bbox 179 3654 339 3740; x_wconf 85' lang='lat' dir='ltr'>Rossaeo,</span> <span class='ocrx_word' id='word_1_266' title='bbox 356 3655 573 3721; x_wconf 88' lang='lat' dir='ltr'>Roterodami</span> <span class='ocrx_word' id='word_1_267' title='bbox 594 3660 686 3724; x_wconf 85' lang='lat'>1661.</span> <span class='ocrx_word' id='word_1_268' title='bbox 730 3656 842 3742; x_wconf 90' lang='lat' dir='ltr'>Hujus</span> <span class='ocrx_word' id='word_1_269' title='bbox 858 3657 943 3728; x_wconf 83' lang='lat' dir='ltr'>enim</span> <span class='ocrx_word' id='word_1_270' title='bbox 965 3657 1068 3722; x_wconf 92' lang='lat' dir='ltr'>libelli</span> <span class='ocrx_word' id='word_1_271' title='bbox 1084 3665 1177 3742; x_wconf 89' lang='lat' dir='ltr'>parte</span> <span class='ocrx_word' id='word_1_272' title='bbox 1200 3658 1305 3743; x_wconf 90' lang='lat' dir='ltr'>prima</span> 
     </span>
     <span class='ocr_line' id='line_1_34' title="bbox 179 3755 1304 3846; baseline 0.004 -25"><span class='ocrx_word' id='word_1_273' title='bbox 179 3756 220 3822; x_wconf 90' lang='lat' dir='ltr'>de</span> <span class='ocrx_word' id='word_1_274' title='bbox 248 3755 330 3823; x_wconf 94' lang='lat' dir='ltr'>Silio</span> <span class='ocrx_word' id='word_1_275' title='bbox 359 3758 493 3842; x_wconf 87' lang='lat' dir='ltr'>Italico,</span> <span class='ocrx_word' id='word_1_276' title='bbox 521 3768 614 3845; x_wconf 91' lang='lat' dir='ltr'>parte</span> <span class='ocrx_word' id='word_1_277' title='bbox 644 3760 746 3823; x_wconf 86' lang='lat' dir='ltr'>altera</span> <span class='ocrx_word' id='word_1_278' title='bbox 774 3758 815 3824; x_wconf 91' lang='lat' dir='ltr'>de</span> <span class='ocrx_word' id='word_1_279' title='bbox 843 3759 995 3844; x_wconf 87' lang='lat' dir='ltr'>Lucano,</span> <span class='ocrx_word' id='word_1_280' title='bbox 1021 3768 1115 3846; x_wconf 91' lang='lat' dir='ltr'>parte</span> <span class='ocrx_word' id='word_1_281' title='bbox 1142 3761 1241 3824; x_wconf 89' lang='lat' dir='ltr'>tertia</span> <span class='ocrx_word' id='word_1_282' title='bbox 1263 3759 1304 3826; x_wconf 90' lang='lat' dir='ltr'>de</span> 
     </span>
     <span class='ocr_line' id='line_1_35' title="bbox 178 3860 1304 3947; baseline 0 -20"><span class='ocrx_word' id='word_1_283' title='bbox 178 3861 293 3927; x_wconf 89' lang='lat' dir='ltr'>multis</span> <span class='ocrx_word' id='word_1_284' title='bbox 308 3860 381 3926; x_wconf 88' lang='lat' dir='ltr'>aliis</span> <span class='ocrx_word' id='word_1_285' title='bbox 402 3861 509 3945; x_wconf 91' lang='lat' dir='ltr'>poetis</span> <span class='ocrx_word' id='word_1_286' title='bbox 533 3862 659 3947; x_wconf 89' lang='lat' dir='ltr'>agitur,</span> <span class='ocrx_word' id='word_1_287' title='bbox 681 3884 821 3945; x_wconf 92' lang='lat' dir='ltr'>quorum</span> <span class='ocrx_word' id='word_1_288' title='bbox 843 3863 987 3927; x_wconf 90' lang='lat' dir='ltr'>omnium</span> <span class='ocrx_word' id='word_1_289' title='bbox 1002 3861 1171 3947; x_wconf 85' lang='lat' dir='ltr'>Vergilius</span> <span class='ocrx_word' id='word_1_290' title='bbox 1187 3863 1304 3927; x_wconf 91' lang='lat' dir='ltr'>trium-</span> 
     </span>
     <span class='ocr_line' id='line_1_36' title="bbox 179 3962 1304 4052; baseline 0.003 -25"><span class='ocrx_word' id='word_1_291' title='bbox 179 3963 281 4050; x_wconf 92' lang='lat' dir='ltr'>phum</span> <span class='ocrx_word' id='word_1_292' title='bbox 311 3972 399 4050; x_wconf 91' lang='lat' dir='ltr'>agat.</span> <span class='ocrx_word' id='word_1_293' title='bbox 446 3962 656 4048; x_wconf 78' lang='lat' dir='ltr'>Quamquam</span> <span class='ocrx_word' id='word_1_294' title='bbox 683 3965 768 4028; x_wconf 91' lang='lat' dir='ltr'>enim</span> <span class='ocrx_word' id='word_1_295' title='bbox 796 3963 964 4030; x_wconf 86' lang='lat' dir='ltr'>Rossaeus</span> <span class='ocrx_word' id='word_1_296' title='bbox 993 3965 1048 4029; x_wconf 91' lang='lat' dir='ltr'>ille</span> <span class='ocrx_word' id='word_1_297' title='bbox 1074 3987 1201 4052; x_wconf 90' lang='lat' dir='ltr'>semper</span> <span class='ocrx_word' id='word_1_298' title='bbox 1223 3964 1304 4030; x_wconf 90' lang='lat' dir='ltr'>ridi-</span> 
     </span>
     <span class='ocr_line' id='line_1_37' title="bbox 180 4065 1305 4154; baseline 0.003 -24"><span class='ocrx_word' id='word_1_299' title='bbox 180 4068 253 4131; x_wconf 86' lang='lat' dir='ltr'>cula</span> <span class='ocrx_word' id='word_1_300' title='bbox 275 4066 451 4132; x_wconf 88' lang='lat' dir='ltr'>verborum</span> <span class='ocrx_word' id='word_1_301' title='bbox 466 4067 647 4154; x_wconf 86' lang='lat' dir='ltr'>praestigia</span> <span class='ocrx_word' id='word_1_302' title='bbox 669 4075 702 4130; x_wconf 91' lang='lat' dir='ltr'>et</span> <span class='ocrx_word' id='word_1_303' title='bbox 723 4067 871 4131; x_wconf 89' lang='lat' dir='ltr'>oratione</span> <span class='ocrx_word' id='word_1_304' title='bbox 886 4065 1039 4153; x_wconf 92' lang='lat' dir='ltr'>ampullis</span> <span class='ocrx_word' id='word_1_305' title='bbox 1060 4068 1156 4153; x_wconf 91' lang='lat' dir='ltr'>quasi</span> <span class='ocrx_word' id='word_1_306' title='bbox 1177 4068 1305 4133; x_wconf 88' lang='lat' dir='ltr'>tumida</span> 
     </span>
     <span class='ocr_line' id='line_1_38' title="bbox 181 4169 1304 4256; baseline 0.002 -24"><span class='ocrx_word' id='word_1_307' title='bbox 181 4170 285 4234; x_wconf 87' lang='lat' dir='ltr'>utitur</span> <span class='ocrx_word' id='word_1_308' title='bbox 315 4169 498 4256; x_wconf 90' lang='lat' dir='ltr'>Siliumque</span> <span class='ocrx_word' id='word_1_309' title='bbox 527 4169 737 4236; x_wconf 84' lang='lat' dir='ltr'>acerbissima</span> <span class='ocrx_word' id='word_1_310' title='bbox 764 4169 1006 4255; x_wconf 85' lang='lat' dir='ltr'>vituperatione</span> <span class='ocrx_word' id='word_1_311' title='bbox 1034 4179 1065 4236; x_wconf 91' lang='lat' dir='ltr'>et</span> <span class='ocrx_word' id='word_1_312' title='bbox 1092 4171 1304 4238; x_wconf 89' lang='lat' dir='ltr'>infestissima</span> 
     </span>
    </p>
   </div>
   <div class='ocr_carea' id='block_1_7' title="bbox 0 0 1552 4880">
    <p class='ocr_par' dir='ltr' id='par_1_7' title="bbox 0 0 1552 4880">
     <span class='ocr_line' id='line_1_39' title="bbox 0 0 1552 4880; baseline 0 1"><span class='ocrx_word' id='word_1_313' title='bbox 0 0 1552 4880; x_wconf 95' lang='lat' dir='ltr'> </span> 
     </span>
    </p>
   </div>
  </div>
 </body>
</html>
