3096 4880
833 283 874 347 76

298 467 346 531 ita
378 466 637 562 interpretantur
668 475 705 531 ut
737 465 850 534 dicant
882 489 947 534 non
976 465 1162 554 Syphacem
1194 465 1322 547 vivum,
1356 459 1421 530 sed
1527 545 1528 552 ἵ

297 569 419 635 mortui
434 568 598 657 Syphacis
620 571 795 657 imaginem
817 570 940 657 pictam
962 570 996 635 in
1017 567 1185 656 triumpho
1207 567 1309 632 latam
1332 587 1419 632 esse.
1527 589 1528 594 ¹

297 670 406 759 Reges
433 672 519 736 enim
546 673 696 759 captivos
724 671 864 759 pedibus
892 673 939 738 ire
966 672 1086 739 solitos
1106 685 1179 737 esse
1201 678 1276 736 ante
1298 669 1420 732 trium-

296 771 430 859 phantis
457 797 605 859 currum,
628 773 716 862 apud
739 774 857 842 Silium
880 785 989 840 autem
1012 773 1198 863 Syphacem
1219 772 1341 837 feretro
1364 791 1420 834 re-

298 874 458 942 sidentem
472 877 562 964 fingi.
605 877 703 942 Hanc
724 885 834 943 tamen
849 878 1042 943 sententiam
1056 877 1174 942 falsam
1196 897 1268 942 esse
1290 873 1420 938 omnia-

251 1055 254 1060 ,
297 999 363 1063 que
383 977 426 1044 ad
447 977 612 1045 hominem
634 980 745 1045 vivum
767 980 931 1066 pertinere
952 987 1089 1067 apparet
1111 1001 1186 1044 cum
1207 1000 1248 1042 ex
1270 999 1309 1041 eo
1325 974 1420 1060 quod

297 1079 396 1146 homo
420 1091 569 1148 mortuus
590 1105 657 1148 non
678 1081 955 1166 residet··feretro,
977 1105 1037 1147 nec
1057 1081 1181 1146 lumina
1202 1078 1333 1166 premit,
1355 1099 1420 1142 nec

298 1183 422 1249 catenis
449 1183 585 1250 indutus
612 1194 673 1270 est,
705 1195 777 1250 tum
803 1208 845 1250 ex
871 1185 975 1250 altero
1003 1185 1076 1250 loco
1105 1183 1223 1251 Siliani
1250 1181 1418 1263 carminis,

298 1286 356 1370 qui
378 1294 488 1352 exstat
508 1285 565 1352 lib.
589 1291 640 1372 16,
662 1311 692 1357 v.
714 1291 788 1357 272.
811 1309 900 1372 sqq.:

303 1467 304 1472 ’
381 1491 382 1494 =
451 1458 523 1513 Hinc
541 1457 660 1516 fractum
676 1459 752 1514 bello
770 1475 867 1530 regem
884 1458 1009 1527 solioque
1026 1457 1168 1512 revulsum

452 1545 574 1616 Tempus
593 1547 646 1602 erit
663 1565 727 1603 cum
745 1547 827 1603 ducet
844 1563 928 1616 agens
947 1546 984 1601 ad
1001 1545 1106 1615 templa
1123 1543 1256 1600 Tonantis

330 1691 333 1698 ,
451 1633 503 1702 Qui
521 1638 588 1689 tunc
605 1635 705 1690 orabat
721 1634 834 1690 socialia
851 1633 964 1689 foedera
981 1634 1106 1704 supplex.

297 1786 364 1854 Res
390 1789 556 1873 quomodo
584 1813 620 1856 se
645 1789 767 1856 habeat
794 1790 912 1858 Livius
938 1790 1010 1877 ipse
1036 1813 1097 1855 nos
1120 1787 1233 1872 docet,
1261 1788 1318 1872 qui
1341 1787 1417 1852 loco
1529 1799 1530 1810 ¹

298 1890 434 1958 laudato
457 1892 564 1958 addit:
592 1892 680 1958 hunc
707 1915 818 1980 regem
839 1893 874 1958 in
895 1892 1062 1979 triumpho
1085 1890 1221 1956 ductum
1242 1889 1418 1978 Polybius,

298 1993 554 2080 haudquaquam
582 1994 784 2083 spernendus
810 2006 942 2081 auctor,
969 1994 1090 2075 tradit3
1113 2004 1146 2060 et
1168 2016 1282 2058 revera
1303 1994 1338 2057 in
1359 2015 1419 2057 ex-

299 2098 422 2185 cerptis
443 2097 635 2186 Polybianis
657 2097 714 2163 lib.
737 2097 843 2182 XVI,
866 2120 936 2184 cap.
959 2103 1012 2182 23,
1033 2120 1104 2184 par.
1127 2101 1157 2166 6.
1179 2097 1337 2182 legimus:
1359 2094 1420 2162 καὶ

299 2197 358 2287 γὰρ
381 2197 397 2268 ὃ
418 2199 530 2287 Eripere
553 2197 568 2266 ὁ
591 2205 649 2267 τῶν
672 2203 888 2269 Μασαισυλίων
912 2197 1054 2283 βασιλεὺς
1079 2200 1167 2289 rim
1190 2197 1262 2266 τότε
1283 2195 1337 2266 διὰ
1358 2201 1418 2285 τῆς

300 2302 415 2381 πόλεως
436 2304 468 2370 ἐν
489 2307 533 2394 τῷ
555 2301 702 2394 ῗριάμβῳ
724 2301 805 2390 μετὰ
826 2308 885 2371 τῶν
905 2302 1116 2389 αἰχμαλώτων.
1160 2301 1337 2390 Polybium
1352 2301 1417 2389 igi-

299 2414 355 2470 tur
382 2404 484 2473 Silius
511 2407 605 2492 sequi
631 2408 748 2473 maluit
774 2431 874 2493 quam
902 2406 1049 2489 Livium,
1083 2407 1152 2472 sive
1178 2403 1268 2490 quod
1294 2404 1357 2470 hac
1379 2427 1416 2468 re

299 2507 438 2594 gloriam
461 2508 625 2596 Scipionis
648 2510 807 2597 triumphi
829 2509 942 2595 augeri
962 2509 1102 2594 putavit,
1126 2509 1195 2575 sive
1210 2505 1300 2592 quod
1315 2505 1417 2595 Poly-

298 2610 354 2676 bio
388 2613 545 2698 majorem
576 2613 694 2679 tribuit
726 2612 823 2678 fidem
853 2611 1046 2678 historicam
1071 2633 1170 2696 quam
1197 2610 1314 2694 Livio,
1347 2610 1418 2676 sive

300 2713 390 2798 quod
411 2713 475 2781 hac
495 2716 683 2781 narratione
705 2738 835 2781 carmen
851 2737 946 2782 suum
964 2713 1069 2802 magis
1093 2736 1252 2779 exornare
1267 2736 1302 2780 se
1317 2735 1417 2798 posse

300 2817 437 2884 censuit.
483 2815 551 2882 Cur
573 2817 677 2886 Silius
699 2816 884 2906 Syphacem
911 2818 1032 2883 feretro
1061 2815 1258 2882 residentem
1284 2815 1417 2881 finxerit

299 2920 424 3000 nesci03
447 2919 598 3004 fortasse,
621 2930 659 2985 ut
673 2920 853 3007 Rupertius
874 2928 981 3008 putat,
1004 2919 1083 3005 quia
1098 2917 1236 3007 Syphax
1251 2927 1285 2983 et
1307 2919 1414 2984 animo

301 3031 335 3088 et
356 3045 494 3110 corpore
517 3031 672 3109 aegrotus
699 3021 839 3109 pedibus
862 3024 910 3088 ire
931 3047 997 3088 non
1019 3023 1140 3110 potuit,
1162 3023 1274 3106 itaque
1297 3022 1331 3087 in
1352 3020 1416 3086 fer-

299 3124 374 3190 culo
397 3124 493 3193 sedit.

384 3227 484 3294 Nunc
505 3251 583 3295 vero
605 3229 755 3294 nonnulli
776 3237 904 3294 restant
924 3228 1001 3313 loci,
1023 3227 1143 3315 quibus
1166 3225 1268 3294 Silius
1292 3251 1312 3292 a
1326 3225 1415 3291 Livii

300 3331 504 3416 aliorumque
531 3332 728 3397 auctoritate
754 3329 951 3399 dissentiens
979 3331 1079 3397 alium
1106 3330 1300 3418 scriptorem
1323 3330 1414 3414 sequi

299 3434 427 3499 maluit.
473 3432 542 3515 Qui
572 3434 715 3521 scriptor
741 3434 816 3518 quis
843 3433 943 3498 fuerit
968 3455 1168 3518 quamquam
1197 3435 1295 3499 certis
1319 3453 1415 3520 argu-

225 3559 227 3566 ’
300 3537 419 3604 mentis
440 3536 489 3602 ita
510 3535 728 3604 demonstrari
748 3536 806 3600 vix
828 3543 939 3623 potest
960 3546 999 3601 ut
1019 3536 1110 3600 nulla
1124 3545 1226 3602 restet
1240 3534 1415 3618 dubitatio,

300 3649 409 3706 tamen
437 3664 503 3707 non
530 3640 629 3726 longe
651 3663 671 3704 a
697 3639 837 3704 veritate
863 3662 923 3706 nos
951 3639 1161 3705 oberraturos
1188 3660 1261 3705 esse
1289 3660 1415 3721 censeo,

301 3743 330 3808 si
352 3765 409 3810 eos
435 3743 538 3809 libros
565 3742 699 3830 Polybii
720 3743 829 3808 fontes
856 3742 959 3809 fuisse
987 3741 1127 3808 dicimus
1155 3741 1213 3826 qui
1239 3741 1413 3828 perierunt.

303 3843 467 3933 Congruit
487 3847 573 3911 enim
594 3869 660 3911 non
682 3868 758 3910 raro
781 3844 883 3913 Silius
906 3867 981 3910 cum
1002 3845 1169 3932 Appiano,
1192 3866 1289 3929 quem
1312 3843 1414 3929 scrip-

301 3958 407 4012 torem
421 3971 496 4014 cum
511 3972 551 4014 ex
565 3949 678 4015 multis
701 3949 775 4016 aliis
796 3947 943 4016 fontibus
965 3957 1037 4013 tum
1057 3970 1098 4012 ex
1112 3947 1252 4035 Polybio
1268 3945 1416 4012 hausisse

211 4105 216 4114 .
301 4051 365 4115 viri
387 4049 477 4116 docti
498 4052 566 4116 fere
581 4074 692 4118 omnes
707 4052 925 4118 consentiunt.
971 4052 995 4118 J
997 4075 1048 4118 am
1068 4073 1146 4116 vero
1162 4073 1236 4116 curn
1258 4050 1329 4114 fieri
1350 4073 1416 4114 non

274 4249 282 4264 ἱ
301 4161 415 4240 posset
436 4161 474 4218 ut
496 4151 578 4221 Silio
601 4155 776 4241 Appianas
798 4153 951 4240 praeiret,
973 4177 1079 4239 neque
1101 4176 1174 4217 cum
1197 4153 1241 4219 sit
1263 4151 1416 4217 credibile
