3096 4880
672 297 712 360 47

2 562 6 573 y
104 485 317 553 ‘Vahlenius
350 505 425 570 pag.
459 481 570 566 XX.).
619 479 771 564 Denique
804 481 1061 566 fragmentorum
1094 502 1177 565 quae
1210 479 1253 544 ad

133 612 194 653 nos
230 593 448 674 pervenerunt
489 583 631 671 plurima
666 582 701 646 in
741 582 836 648 libris
879 583 1166 669 grammaticorum
1201 582 1254 648 vel

135 691 386 757 scholiastarum
412 694 559 770 exstant,
595 709 614 750 a
642 685 763 769 quibus
789 708 944 752 versuum
970 685 1104 750 illorum
1130 686 1252 750 mentio

133 803 184 859 est
210 795 298 858 faeta
324 815 396 856 eam
422 790 528 876 ipsam'
556 788 598 854 ob
628 811 759 854 causam
788 789 866 873 quia
895 789 1006 872 aliqua
1032 788 1066 852 in
1099 789 1146 854 eis
1167 790 1254 854 inest

135 896 304 962 anomalia.
350 892 423 978 (Ad
444 915 543 976 quam
565 914 633 956 rem
648 891 858 956 conferantur
880 913 922 956 ex
942 890 991 955 eis
1011 891 1094 956 locis
1117 891 1157 955 de
1180 892 1253 976 qui-

134 999 195 1064 bus
223 997 391 1085 disputavi
418 994 467 1059 hi:
495 999 524 1063 3.
552 999 582 1062 4.
607 999 656 1063 10.
682 997 731 1061 13.
757 996 806 1061 14.
831 994 881 1061 15.
905 996 954 1063 16.
980 998 1029 1063 17.
1054 997 1103 1062 19.
1126 998 1185 1062 20.
1201 999 1253 1063 23.

133 1106 185 1171 24.
212 1106 263 1169 27.
291 1104 343 1167 28.
372 1103 422 1166 30.
452 1102 503 1166 31.
533 1102 585 1166 32.
608 1097 660 1165 35.
686 1099 738 1163 37.
766 1098 817 1163 41.
840 1098 892 1162 42.
915 1099 967 1165 43.
988 1099 1041 1164 44.
1062 1098 1132 1182 45.)
1175 1097 1255 1162 Alia

133 1212 300 1290 postremo
330 1199 510 1280 omittenda
538 1221 610 1265 esse
636 1197 748 1264 censui
771 1197 1254 1282 (141444111414141111141111-

132 1306 240 1372 114114
257 1313 314 1369 4111
335 1303 375 1368 de
391 1302 526 1370 Silianis
549 1303 618 1368 sive
633 1301 763 1367 codices
780 1301 848 1367 sive
862 1301 1058 1388 interpretes
1081 1301 1254 1369 dissentie-

132 1407 223 1473 bant.
254 1407 347 1490 Quae
363 1428 437 1471 cum
453 1407 500 1470 ita
517 1405 584 1471 sint
598 1429 664 1472 non
679 1414 730 1470 est
746 1404 865 1468 mirum
881 1402 972 1489 quod
988 1413 1065 1470 sunt
1076 1405 1134 1491 qui
1147 1405 1254 1470 adhuc

134 1510 358 1575 dubitaverint
377 1532 455 1573 num
471 1507 573 1574 Silius
588 1505 732 1573 Ennium
756 1514 888 1572 secutus
904 1507 957 1572 sit.
989 1505 1129 1573 Constat
1144 1517 1254 1573 autem

213 1614 321 1699 primo
350 1613 430 1676 loco:
457 1610 612 1695 reliquias
640 1609 808 1674 Ennianas
835 1631 921 1693 quae
943 1608 985 1673 ad
1007 1609 1130 1675 bellum
1150 1611 1253 1675 Puni·

132 1737 207 1779 cum
239 1716 379 1779 alterum
412 1721 561 1799 spectant
593 1712 710 1777 melius
736 1712 822 1775 inter
849 1733 883 1777 se
911 1713 1067 1798 conjungi
1090 1735 1201 1798 posse,
1225 1713 1254 1778 si

131 1816 207 1884 Silii
229 1813 451 1902 narrationem
466 1815 647 1901 sequimur,
670 1837 769 1899 quam
793 1814 822 1880 si
836 1813 970 1878 Livium
993 1815 1133 1878 aliumve
1149 1815 1253 1900 scrip-

132 1928 238 1984 torem
261 1919 445 2005 sequimur5
1082 1997 1086 2010 ,
1252 1907 1255 1916 ¹

216 2023 343 2086 deinde:
371 2044 446 2086 cum
479 2020 629 2106 plurimis
663 2019 736 2086 aliis
768 2019 851 2086 locis
890 2011 1109 2084 demonstrari
1138 2021 1278 2106 ¹possit'

131 2133 294 2209 quatenus
309 2123 419 2191 *Silius
442 2147 459 2188 e
481 2123 579 2189 Livio
594 2123 745 2209 Vergilio
768 2122 915 2188 Homero
938 2123 1011 2188 aliis
1035 2122 1252 2209 scriptoribus

131 2226 286 2314 pendeat,
316 2227 363 2292 414
389 2227 471 2293 14414
499 2226 619 2312 quibus
647 2249 708 2290 nec
730 2225 856 2292 Livius
874 2249 935 2291 nec
956 2226 1125 2312 Vergilius
1147 2249 1253 2311 neque

132 2329 215 2396 alius
238 2330 381 2416 scriptor
403 2329 432 2394 ei
454 2338 621 2415 praeeant,
643 2329 771 2394 Ennius
794 2337 904 2393 autem
926 2351 994 2392 rem
1017 2328 1132 2393 eodem
1153 2329 1251 2395 modo

130 2441 251 2516 narret,
273 2432 361 2496 hunc
383 2455 454 2498 esse
476 2433 599 2498 fontem
621 2454 746 2516 exque
771 2430 872 2498 Silius
894 2429 1056 2510 hauserit;

215 2536 307 2599 141114
334 2535 398 2600 loco
429 2533 547 2601 Silium
573 2535 681 2600 Ennio
708 2557 780 2600 esse
807 2557 903 2600 usum
925 2541 983 2597 aut
1005 2533 1052 2599 414
1074 2533 1164 2600 locis·
1178 2535 1251 2620 qui-

129 2637 193 2703 bus
215 2637 332 2702 Livius
355 2638 476 2722 aliique
504 2636 681 2722 scriptores
709 2636 793 2701 nihil
813 2636 959 2720 tradunt,
982 2645 1039 2701 aut
1061 2637 1108 2702 414
1131 2637 1251 2721 quibus

128 2740 179 2805 illi
201 2762 268 2804 rem
283 2740 379 2804 aliter
393 2747 538 2822 narrant,
562 2746 619 2804 aut
641 2739 687 2804 eis
710 2739 830 2823 quibus
846 2737 1066 2824 digressiones
1089 2748 1121 2803 41
1143 2740 1251 2826 episo—
1280 2813 1282 2818 ¹

128 2841 185 2906 dia
207 2841 367 2927 quaedam
390 2841 478 2930 apud
492 2842 636 2907 Ennium
651 2829 834 2928 exstabant.
880 2839 974 2906 Haec
995 2841 1036 2906 de
1050 2840 1159 2907 Ennio
1183 2843 1251 2908 suf-

126 2943 248 3008 ficiant,

486 3231 643 3303 CAPUT
667 3233 894 3300 TERTIUM.
934 3251 939 3268 ⁴

531 3369 645 3436 Cicero.
689 3371 849 3460 Polybius.

214 3557 406 3625 Ciceronem
427 3582 493 3624 non
514 3559 652 3626 minoris
680 3583 780 3646 quam
802 3559 988 3647 Vergilium
1009 3559 1153 3625 Ennium
1176 3559 1249 3626 Ho-

126 3683 254 3727 merum
276 3659 378 3728 Silius
400 3662 488 3726 fecit.
534 3658 732 3727 Conferatur
755 3663 840 3730 enim
862 3663 935 3729 laus
958 3660 1140 3745 Ciceronis,
1164 3684 1248 3748 quae

127 3771 239 3830 exstat
259 3762 346 3829 libro
369 3772 503 3847 octavo,
530 3764 588 3829 ubi
615 3763 717 3831 Silius
747 3789 820 3832 cum
847 3766 905 3851 qui
932 3765 1047 3852 populi
1069 3766 1127 3849 qui
1149 3764 1248 3834 duces

125 3867 351 3932 Romanorum
387 3866 421 3929 in
459 3886 572 3952 pugna
606 3864 769 3934 Cannensi
802 3869 884 3934 socii
916 3867 1038 3931 fuerint
1070 3863 1247 3953 enumerat,

126 3970 273 4034 Tullium
287 3968 482 4054 Arpinatem
498 3968 661 4052 quendam
676 3970 800 4057 proelio
821 3969 1010 4034 interfuisse
1032 3967 1126 4057 fingit
1148 3981 1247 4057 atque

126 4094 229 4137 unum
256 4097 274 4137 e
300 4070 479 4157 majoribus
509 4068 677 4138 Ciceronis
704 4095 778 4136 eum
804 4095 876 4138 esse
901 4071 1023 4146 faciens
1051 4073 1247 4160 splendidis·

127 4174 245 4240 simum
268 4176 316 4242 M.
340 4175 442 4240 Tullii
465 4171 633 4242 Ciceronis
656 4174 799 4262 elogium
820 4173 930 4254 addit;
952 4174 999 4259 (v.
1022 4179 1095 4246 406.
1119 4181 1224 4263 sqq.):
