3096 4880
833 263 873 327 16

291 443 334 509 ad
356 466 440 530 quos
462 467 577 512 versus
600 446 748 513 conferas
771 447 811 513 11.
835 445 871 526 Ξ,
892 469 923 510 ν.
948 449 1011 515 394
1033 468 1122 532 sqqr

524 562 582 622 οὔτε
600 566 736 636 triduoue
754 573 827 637 κῦμα
845 565 924 626 τόσον
943 566 1009 642 βοάᾳ
1026 569 1087 624 ποτὶ
1104 568 1208 638 χέρσον,

523 653 646 711 ποντόθεν
665 653 800 725 ὀρνύμενον
819 657 895 727 πνοιῇ
914 655 1003 725 Βορέω
1028 653 1156 728 ἀλεγεινῇ.

290 759 463 826 Postremo
486 781 655 847 compares
677 760 734 826 lib.
758 764 809 844 10,
831 785 862 824 v.
887 764 950 830 164
971 770 1082 846 sqq.:'

955 949 1023 988 *ceu
1039 931 1156 988 fulmine
1175 933 1249 988 celsa

451 1019 595 1087 Aesculus,
615 1022 671 1087 aut,
688 1018 801 1087 proavis
825 1019 860 1074 ab
878 1018 986 1090 origine
1005 1020 1116 1090 cognita
1133 1037 1252 1090 quercus

453 1107 544 1174 Quum
562 1103 651 1160 fumat
667 1123 800 1174 percussa
817 1104 892 1174 Jovi,
911 1121 1059 1175 sacrosque
1076 1124 1128 1176 per
1146 1125 1244 1163 aevum

454 1193 593 1248 Aethereo
612 1211 704 1249 ramos
722 1193 892 1264 populantur
910 1192 1013 1248 sulfure
1030 1193 1167 1262 flammae,

291 1373 363 1414 cum
386 1349 525 1414 Homeri
547 1349 698 1416 versibus
719 1351 760 1416 Il.
783 1349 840 1415 lib.
864 1347 902 1434 Ξ,
924 1351 989 1419 414
1011 1371 1083 1435 sqq.

503 1481 538 1548 a<
555 1481 623 1542 d'dt’
642 1483 693 1543 ὑπὸ
711 1489 811 1556 πληγῆς
828 1483 925 1555 πατρὸς
943 1485 1002 1546 Διὸς
1020 1485 1124 1556 ἐξερίπῃ
1146 1488 1207 1555 δρῦς

503 1571 644 1642 πρὸρριζος,
663 1573 735 1644 δεινή
757 1574 789 1629 δὲ
807 1573 893 1632 θεείου
911 1574 1024 1643 γίγνεται
1043 1573 1114 1642 ὀδμὴ

506 1662 535 1727 ἐξ
554 1659 682 1731 αὐτῆς...

373 1783 468 1848 Haec
496 1783 645 1870 exempla
674 1805 814 1869 quorum
840 1805 994 1849 numerus
1020 1783 1133 1848 multis
1162 1783 1235 1849 aliis
1258 1784 1412 1850 facillime

290 1885 403 1972 augeri
425 1886 533 1970 possit
554 1885 728 1951 sufficiant.
774 1885 922 1950 Laudem
937 1908 1016 1952 vero
1032 1884 1332 1971 splendidissimam
1347 1912 1411 1973 qua

288 1996 496 2054 consecraret
517 1990 614 2072 quasi
635 1997 844 2054 monumento
867 1987 1011 2074 quodam
1038 1989 1229 2055 memoriam
1251 1992 1323 2075 ejus
1349 1991 1409 2056 viri

288 2091 342 2154 cui
373 2091 478 2155 multa
510 2089 621 2174 debet,
655 2089 758 2158 Silius
790 2089 846 2155 lib.
882 2094 939 2174 13,
972 2115 1003 2156 ν.
1028 2094 1206 2160 778-797.
1230 2101 1263 2156 et
1295 2091 1410 2158 deinde

288 2218 319 2258 v.
332 2196 511 2263 800-808.
535 2193 672 2258 carmini
692 2193 844 2277 intexuit,
866 2192 924 2256 ubi
946 2191 1059 2280 Scipio
1083 2192 1172 2279 apud
1191 2194 1312 2260 inferos
1328 2196 1413 2260 inter

289 2296 370 2361 alias
392 2295 531 2360 Homeri
552 2319 684 2382 quoque
705 2296 852 2361 umbram
868 2295 1089 2382 conspicatur,
1111 2319 1209 2380 quam
1225 2297 1347 2363 multae
1362 2321 1412 2364 se-

289 2406 436 2482 quuntur
457 2397 612 2465 mirantes
636 2399 771 2464 animae.
816 2397 929 2484 Scipio
952 2398 1036 2462 enim
1058 2397 1139 2463 haec
1161 2398 1258 2465 dicit:

306 2573 333 2608 v.
352 2555 415 2610 781:
901 2593 941 2606 ...
954 2593 960 2605 .
971 2570 1036 2606 nam
1054 2553 1114 2607 luce
1132 2554 1251 2623 refulget

459 2641 611 2710 Praecipua
627 2639 705 2693 frons
724 2657 802 2694 sacra
820 2639 890 2709 viro,
908 2640 1067 2709 multaeque
1086 2645 1236 2709 sequuntur

459 2728 593 2783 Mirantes
612 2728 719 2782 animae
738 2731 766 2781 et
783 2727 855 2782 laeto
874 2728 993 2783 clamore
1011 2727 1195 2798 frequentant.

461 2817 513 2884 Qui
532 2817 635 2869 vultus!
654 2823 736 2884 quam
755 2815 790 2885 (si
807 2814 902 2884 Stygia
918 2832 975 2869 uon
994 2820 1067 2870 esset
1085 2818 1114 2870 in
1132 2817 1239 2886 umbra)

459 2904 601 2959 Dixissem
617 2902 699 2958 facilc
716 2920 777 2957 esse
794 2901 896 2957 Deum!
909 2945 915 2958 .
930 2946 955 2958 ..

375 3024 523 3112 Scipioni
539 3033 647 3089 autem
659 3023 787 3112 Sibylla
802 3022 883 3088 haec
894 3023 1071 3111 respondet
1086 3025 1236 3092 versibus
1249 3030 1311 3095 786
1323 3049 1409 3110 sqq:

709 3161 872 3216 ...meruit
889 3163 956 3216 deus
975 3179 1036 3217 esse
1054 3163 1151 3230 videri,

440 3249 479 3304 Et
497 3249 549 3304 luit
566 3249 596 3302 in
614 3252 692 3304 tauto
711 3267 767 3303 uon
784 3267 902 3318 parvum
919 3254 1031 3320 pectore
1048 3267 1157 3305 numen.

441 3337 567 3391 Carmine
587 3337 748 3406 complexus
766 3341 878 3406 terram,
897 3355 982 3406 mare,
1000 3338 1101 3407 sidera,
1120 3356 1224 3408 manes,

441 3424 479 3477 Et
497 3429 580 3478 cautu
597 3423 691 3478 Musas
709 3428 738 3477 et
753 3423 897 3479 Phoebum
916 3426 1044 3493 aequavit
1061 3426 1166 3481 honore
1186 3444 1245 3496 sqq.

374 3545 515 3612 Constat
541 3543 644 3632 igitur
669 3542 722 3609 his
745 3545 793 3608 ita
821 3547 1030 3630 perlustratis
1057 3547 1175 3614 Silium
1198 3546 1301 3630 Livii,
1324 3548 1411 3613 Ver-

254 3645 259 3654 ’
288 3650 370 3736 gilii,
392 3649 532 3714 Homeri
553 3647 648 3713 libris
671 3647 917 3713 accuratissime
940 3647 1117 3733 studuisse,
1140 3651 1187 3715 ita
1209 3658 1246 3713 ut
1261 3673 1409 3714 nonnun-

288 3776 387 3837 quam
410 3754 478 3818 sive
507 3749 651 3838 prudens
674 3758 707 3814 et
730 3749 852 3832 sciens,
881 3751 949 3816 sive
973 3752 1095 3818 invitus
1118 3754 1151 3817 in
1173 3753 1287 3819 eadem
1310 3753 1408 3818 verba

289 3853 455 3920 incideret.
