3096 4880
827 267 941 372 se'

291 494 343 562 (15.
364 496 416 564 78.)
435 492 563 548 Referam
576 491 752 560 quidcuucta
770 493 818 548 do·
879 494 930 549 Od.
948 496 974 550 3.
992 496 1017 550 3.
1042 499 1066 551 9.
1089 493 1148 551 Hac
1170 499 1230 550 arto
1255 495 1362 552 Pellem
1386 501 1419 552 et

327 586 450 636 mantem
914 599 1000 650 vagus
1021 583 1155 638 Hercules

290 667 590 738 Amphitryoniadem?
609 669 676 737 quid
693 669 738 722 oui
755 673 821 737 post
879 664 982 720 Enisus
1000 683 1078 721 arces
1097 671 1192 741 attigit
1209 671 1313 741 igneas,

326 755 408 809 Seras
426 759 455 810 61
471 755 555 810 Indos
881 751 955 818 Quos
973 753 1047 808 inter
1063 756 1205 828 Augustus
1228 760 1397 814 recumbens

292 843 408 912 Captivo
426 843 511 897 Liber
527 861 591 897 cum
608 843 689 911 signa
705 841 823 897 referret
881 838 1024 910 Purpureo
1042 842 1115 899 bibit
1132 862 1181 900 cre
1198 851 1300 901 nectar.

326 931 362 984 ab
378 931 465 999 Euro,
1049 987 1051 992 ,

291 1017 444 1074 Caucaseae
462 1035 573 1074 currum
591 1019 695 1073 duxere
711 1035 762 1087 per
774 1032 822 1086 op·
881 1015 940 1070 Hac
957 1022 986 1071 te
1003 1023 1170 1089 merentem,
1193 1021 1301 1077 Bacche
1322 1026 1417 1091 pater,

324 1105 392 1175 pida
409 1106 518 1174 tigres?
916 1107 981 1158 tuac

290 1191 363 1260 Quid
381 1194 534 1262 suspiratos
552 1210 653 1264 magno
672 1193 702 1246 in
725 1193 823 1246 discri·
882 1190 989 1246 Vexere
1006 1193 1093 1262 tigres
1111 1194 1227 1250 indocili
1241 1195 1341 1268 jugum

324 1281 401 1334 mine
418 1279 510 1334 nautis
898 1351 901 1360 ,

290 1367 420 1422 Ledaeos
437 1365 555 1422 referam
573 1367 673 1423 fratres
686 1371 821 1423 vestrum·
880 1367 958 1421 Collo
976 1369 1132 1438 trahentes;
1150 1370 1202 1424 hac
1221 1371 1351 1438 Quirinus

326 1472 380 1522 que
398 1455 564 1522 Quirinum?
879 1454 977 1510 Martis
996 1457 1074 1526 equis
1091 1458 1250 1512 Acheronta
1267 1452 1345 1529 fugit.

375 1646 492 1736 Altero
514 1647 588 1712 loeo
611 1645 652 1710 de
670 1644 782 1712 Ouidio
804 1668 909 1732 pauca
925 1655 1002 1710 sunt
1016 1644 1177 1714 addenda.
1222 1643 1306 1712 Cum
1328 1671 1411 1714 vero

290 1748 409 1832 Silius,
437 1749 587 1834 quamvis
613 1749 721 1815 tribus
749 1749 831 1814 locis
860 1757 1105 1834 peropportuna
1131 1749 1249 1814 fuisset
1277 1751 1413 1817 occasio

289 1849 405 1916 Ovidii
427 1852 623 1916 mentionem
644 1845 769 1935 facere,
796 1851 854 1916 ubi
876 1849 1065 1917 Sulmonem
1087 1849 1246 1936 oppidum
1268 1853 1413 1938 patriam

288 1956 359 2038 ejus
381 1963 612 2019 commemorat
634 1955 862 2038 (conferantur
884 1953 950 2018 loci
971 1951 1034 2036 111),
1056 1956 1091 2036 8,
1119 1959 1208 2022 clu:
1231 1953 1413 2040 gelidoque

187 2091 191 2104 ·
288 2057 376 2141 rapit
398 2055 555 2123 Sulmone
576 2056 743 2136 cohortes;
766 2056 822 2121 lib.
845 2060 876 2140 9,
900 2061 967 2124 ta:
989 2053 1185 2120 fundaverat
1206 2056 1321 2122 urbem

288 2160 403 2223 attrito
425 2159 556 2224 nomine
578 2158 707 2239 Sulm03
729 2159 786 2224 lib.
809 2163 840 2243 9,
865 2162 950 2226 illa
973 2157 1052 2224 Non
1075 2158 1136 2224 sim
1158 2158 1309 2243 equidem
1332 2159 1412 2227 Sul-

289 2285 383 2326 mone
406 2271 498 2328 satus
519 2271 578 2327 tua
593 2311 601 2325 .
618 2311 626 2327 .
643 2265 685 2349 .)‚
711 2285 875 2348 nusquam
897 2270 1029 2348 poetam
1050 2259 1251 2346 laudaverit,
1274 2262 1410 2328 creden-

288 2363 367 2427 dum
388 2373 439 2429 est
453 2387 558 2450 pauca
579 2359 749 2451 esse'quae
771 2365 801 2431 ei
816 2363 944 2430 debeat.
981 2362 1049 2431 Sed
1070 2373 1304 2451 comparentur
1319 2366 1408 2430 inter

291 2487 326 2530 se
347 2466 442 2532 hacc:

291 2601 343 2656 Sat.
356 2605 381 2656 2.
393 2603 422 2658 3:
439 2603 551 2673 Fabius,
566 2603 712 2674 Tirynthia
721 2604 816 2675 proles
881 2603 962 2660 06111.
980 2603 1055 2657 Fast.
1072 2603 1098 2657 2.
1117 2604 1181 2658 235:
1201 2602 1262 2657 Una
1280 2603 1340 2657 dies
1358 2604 1411 2660 Fa-

911 2691 974 2746 bios
992 2691 1028 2745 ad
1046 2691 1151 2746 bellum
1167 2692 1283 2744 miserat
1301 2691 1410 2760 cinnae,

288 2777 464 2834 Tercentum
475 2779 817 2849 memorabatavos,qucs
877 2778 923 2834 Ad
945 2778 1050 2834 bellum
1076 2778 1178 2834 missos
1208 2778 1334 2849 perdidit
1357 2797 1412 2834 uns

289 2867 476 2923 ...Abstulit
493 2885 549 2925 una
565 2867 634 2924 dies.
823 2941 834 2948 „
915 2865 983 2924 dies.

375 3024 483 3107 Quam
498 3025 774 3091 narratiunculam
789 3023 830 3090 de
845 3024 959 3090 Fabiis
974 3047 1015 3088 ex
1030 3022 1154 3090 Ovidic
1170 3045 1242 3088 6666
1256 3022 1409 3088 haustam

286 3148 403 3193 censeo
424 3151 489 3194 non
511 3130 617 3196 solum
640 3137 815 3216 propterea
829 3127 919 3213 quod
935 3127 1057 3194 similes
1079 3126 1289 3192 inveniuntur
1310 3128 1402 3194 locu·

286 3229 408 3314 1101166,
448 3231 506 3298 sed
538 3255 608 3298 eam
645 3233 853 3320 potissimum
885 3231 928 3296 ob
960 3252 1108 3312 causam,
1145 3230 1223 3314 quia
1255 3229 1406 3309 Fabium,

289 3334 396 3419 gentis
429 3342 609 3418 auctorem,
642 3334 683 3400 ab
713 3333 858 3400 Hercule
888 3343 1003 3399 natum
1034 3353 1106 3399 esse
1133 3333 1251 3398 Livius
1283 3333 1406 3418 aliique

290 3437 467 3522 scriptores
483 3437 759 3521 praetermittunt,
781 3446 896 3504 contra
917 3435 1060 3504 Ovidius
1082 3436 1184 3501 variis
1205 3436 1287 3503 locis
1310 3436 1408 3516 dicia

293 3541 501 3607 conferantur
523 3539 609 3603 enim
630 3538 725 3604 haec:
1033 3542 1037 3549 ’

294 3673 347 3732 Sil.
367 3677 392 3731 6.
411 3678 476 3733 633;
494 3694 558 3732 cum
575 3676 653 3746 regia
670 3676 760 3746 virgo,
883 3675 964 3731 Ooid.
983 3674 1058 3731 Fast.
1077 3675 1125 3730 lib.
1144 3677 1170 3744 2,
1187 3695 1213 3731 v.
1232 3678 1297 3734 237:

294 3761 413 3833 Hospite
435 3765 510 3820 victa
532 3780 627 3833 sacro,
648 3761 768 3817 Fabium
787 3761 822 3817 de
881 3761 920 3818 Ut
942 3767 1035 3820 tamen
1058 3763 1211 3819 Herculeae
1233 3769 1409 3835 superessent

329 3853 444 3906 crimine
461 3853 536 3908 laeto
919 3851 1024 3907 semum
1042 3852 1143 3924 gentis,

295 3937 440 4018 11061011,
473 3945 503 3996 et
533 3941 626 4010 magni
663 3933 829 3996 commiscet

332 4028 445 4080 semime
464 4032 541 4084 crtus
883 4028 1021 4084 Credibile
1053 4031 1095 4084 est
1126 4028 1202 4100 ipsos
1239 4029 1410 4084 consuluisse

298 4115 383 4167 Arcas
401 4115 430 4167 in
442 4113 594 4170 Herculeos
606 4120 696 4173 mater
708 4120 824 4174 ventura
918 4116 994 4172 deos.

330 4203 453 4270 nepotes.
