3096 4880
831 258 873 321 48

447 447 545 501 Indole
562 446 625 515 prol
644 448 746 513 quanta
761 442 871 513 juvenis
889 443 1077 511 quantumque
1095 441 1209 496 daturus

448 533 587 588 Ausoniae
604 531 717 602 populis
735 537 853 588 ventura
869 531 899 584 in
917 529 1025 584 saecula
1043 528 1146 584 civeml

448 622 507 689 Ille,
525 637 610 688 super
628 619 750 688 Gangen,
769 634 853 686 super
870 616 1013 671 exauditus
1032 619 1062 672 et
1078 615 1171 685 Indos,

447 707 579 777 Implebit
596 712 685 762 terras
702 722 779 773 voce,
797 709 826 760 et
842 704 951 759 furialia
967 704 1043 759 bella

448 795 578 849 Fulmina
600 796 759 863 compescet
776 793 900 863 linguae,
918 795 971 846 nec
990 789 1090 846 deinde
1106 791 1245 863 relinquet

448 882 503 937 Par
521 883 604 937 decus
624 881 734 950 eloquio
752 880 881 948 cuiquam
899 896 1012 950 sperare
1029 883 1172 948 nepotum.

296 1007 369 1072 Nec
391 1004 510 1070 desunt
537 1002 747 1086 antiquorum
774 999 977 1084 testimonia,
1004 1000 1173 1066 Martialis
1196 1000 1418 1087 potissimum,

296 1109 416 1195 quibus
449 1104 677 1191 cognoscimus
712 1101 830 1169 Silium
862 1102 897 1166 in
934 1102 1042 1168 causis
1076 1102 1210 1188 agendis
1243 1103 1419 1189 doctisque

298 1209 503 1277 orationibus
526 1207 665 1271 multum
690 1205 834 1269 valuisse
861 1204 967 1270 ethis
989 1204 1024 1268 in
1045 1204 1143 1270 rebus
1164 1207 1332 1292 exemplar
1353 1207 1419 1271 sibi

297 1312 509 1401 proposuisse
535 1308 743 1390 Ciceronem,
770 1329 867 1391 quem
894 1305 1134 1373 studiosissime
1157 1310 1339 1374 aemulatus
1362 1309 1418 1374 sit.

299 1416 520 1482 Conseruntur
534 1413 635 1478 enim:
658 1410 826 1475 Martialis
842 1409 944 1496 epigr.
960 1409 1016 1474 lib.
1040 1411 1121 1494 VII,
1142 1415 1193 1495 63,
1215 1434 1264 1478 vs.
1280 1415 1310 1480 5.
1327 1435 1419 1498 sqq:

520 1550 604 1606 Sacra
621 1548 780 1604 cothurnati
797 1565 854 1602 non
871 1547 965 1618 attigit
983 1552 1048 1603 ante
1064 1547 1197 1619 Maronis,

565 1637 697 1708 Implevit
713 1635 807 1708 magni
825 1654 906 1706 quam
925 1635 1064 1690 Ciceronis
1083 1655 1160 1706 opus.

450 1728 532 1782 Hunc
550 1727 668 1780 miratur
685 1724 775 1778 adhue
798 1727 915 1777 centum.
925 1723 1016 1794 gravis
1034 1724 1116 1778 hasta
1133 1724 1266 1796 virorum,

529 1813 611 1868 Hunc
628 1811 752 1880 loquitur
768 1815 847 1882 grato
866 1811 1001 1881 plurimus
1019 1829 1067 1867 ore
1085 1812 1179 1868 cliens.

298 1935 427 2003 Deinde
448 1934 527 2001 ibid.
550 1932 606 1997 lib.
629 1931 695 2015 XI,
718 1932 803 2018 epig.
826 1935 895 2001 48.:

469 2069 552 2125 Silius
575 2069 646 2122 haec
671 2067 765 2138 magni
787 2068 909 2122 celebrat
929 2069 1100 2125 monimenta
1117 2057 1254 2141 Maronis,

581 2157 679 2226 Iugera
696 2154 806 2210 facundi
824 2155 871 2224 qui
890 2156 1028 2212 Ciceronis
1046 2157 1139 2212 habet.

515 2243 653 2298 Heredem
671 2243 867 2312 dominumque
885 2245 927 2298 sui
946 2244 1081 2300 tumulive
1098 2245 1199 2302 larisve

539 2331 603 2386 Non
621 2330 706 2384 alium
723 2332 819 2386 mallet
836 2349 888 2386 nec
905 2333 985 2387 Mero
1004 2349 1056 2387 nec
1074 2333 1177 2387 Cicero.

300 2459 347 2525 Et
374 2457 513 2522 multum
540 2453 575 2517 in
599 2452 672 2517 foro
699 2462 867 2518 versatum
888 2475 960 2519 esse
982 2451 1101 2519 Silium
1123 2463 1261 2540 apparet
1283 2477 1356 2519 cum
1379 2477 1419 2518 ex

302 2561 376 2626 aliis
403 2556 602 2624 testimoniis
634 2563 706 2619 tum
733 2579 773 2620 ex
804 2555 856 2620 his
883 2556 1032 2621 versibus
1061 2557 1245 2642 MartiaIIS,
1279 2559 1336 2643 qui
1364 2581 1420 2621 ex-

303 2671 394 2729 stant
417 2661 503 2748 epig.
524 2659 581 2723 lib.
605 2657 687 2741 VII,
710 2680 760 2742 ep.
784 2661 835 2726 63.
859 2680 906 2723 vs.
932 2664 981 2726 ll.
1005 2667 1038 2724 et
1062 2663 1126 2728 12:

524 2780 663 2834 Emeritos
681 2777 768 2832 Musis
793 2782 821 2832 et
838 2779 953 2833 Phoebo
971 2781 1088 2835 tradidit
1106 2798 1201 2850 annos,

523 2867 633 2936 Proque
656 2881 704 2920 suo
728 2866 852 2920 celebrat
872 2884 945 2922 nuno
966 2867 1101 2922 Helicona
1123 2869 1201 2937 foro;

302 2987 336 3042 et
363 2975 419 3040 lib.
442 2972 512 3057 IX,
535 2995 585 3058 cp.
608 2970 813 3038 LXXXVI.
836 2997 866 3037 v.
889 2977 936 3040 2:

559 3092 650 3160 Silius,
667 3091 792 3145 Ausonio
815 3108 872 3145 non
890 3093 975 3146 semel
992 3110 1040 3148 ore
1057 3099 1166 3163 potens.

304 3204 423 3287 Itaque
451 3198 522 3264 fieri
548 3221 614 3262 non
641 3197 751 3283 potuit
777 3198 857 3282 quin
880 3196 981 3264 Silius
1005 3221 1149 3284 eaquae
1173 3200 1305 3267 assidua
1328 3199 1422 3266 Cice·

304 3304 394 3371 ronis
410 3301 550 3366 lectione
560 3300 716 3365 memoria
727 3299 889 3364 retinebat
901 3301 935 3364 in
948 3301 1046 3366 simili
1062 3313 1254 3388 argumento
1272 3327 1421 3370 nonnun-

306 3430 405 3494 quam
426 3406 460 3469 in
484 3426 578 3467 suum
604 3425 699 3467 usum
722 3395 942 3486 converteret,
976 3412 1075 3488 atque
1102 3405 1251 3472 hausisse
1280 3431 1353 3472 eum
1381 3430 1422 3471 ex

307 3507 476 3576 Ciceronis
502 3505 595 3570 libris
623 3513 753 3590 practer
780 3504 862 3570 alios
886 3508 956 3591 jam
977 3507 1130 3573 Muretus
1154 3511 1331 3576 Variarum
1358 3510 1422 3576 lec·

306 3615 434 3679 tionum
460 3607 610 3691 liban,
637 3630 707 3694 cap.
735 3607 835 3674 XIV.
862 3610 1030 3694 professus
1059 3620 1122 3694 est,
1146 3611 1202 3696 qui
1224 3611 1305 3676 haec
1327 3612 1421 3677 dicit:

306 3716 492 3799 „Silium...
509 3709 678 3775 Ciceronis
695 3710 842 3796 apprime
857 3711 1041 3778 studiosum
1057 3714 1159 3779 fuisse
1174 3717 1309 3800 ejusque
1320 3715 1422 3780 libros

276 3895 279 3902 y
306 3816 555 3904 diligentissime
571 3823 669 3898 atque
685 3812 909 3880 assiduissime
924 3815 1099 3900 lectitasse,
1121 3840 1188 3882 non
1209 3817 1307 3884 modo
1330 3818 1423 3882 Mar-

306 3920 396 3985 tiaIIs
413 3917 669 3984 ...testimonio
696 3917 941 4004 cognoscimus,
969 3916 1026 3984 sed
1054 3920 1156 3985 multo
1184 3922 1290 4007 magis
1317 3945 1358 3986 ex
1384 3943 1422 3986 eo

307 4019 535 4106 intelligimus,
567 4020 656 4106 quod
684 4043 757 4085 curn
789 4021 893 4085 multa
922 4019 1091 4087 Ciceronis
1125 4024 1158 4096 in
1185 4047 1301 4109 poema
1329 4046 1423 4090 suum

305 4121 525 4208 transtulisse,
543 4105 648 4208 eaque
665 4124 804 4190 scienter
819 4121 994 4191 admodum
1017 4113 1281 4206 accommodasse
1303 4124 1346 4194 ad
1367 4125 1424 4192 illa
