3096 4880
865 329 908 391 98

539 514 636 568 Silius.
876 527 882 595 ζ
1116 514 1234 568 Statius.

321 637 359 689 Et
379 635 453 687 redit
476 633 571 687 infelix
594 634 697 702 effosso
722 636 851 688 consolor
876 668 881 697 ,
906 634 1030 686 Pallidus
1068 635 1160 688 tonsor
1192 636 1265 690 redit
1303 642 1421 702 erutoque

354 737 436 776 auro.
876 700 881 807 ξ
944 722 1079 776 Concolor
1095 739 1176 776 noro.

320 809 607 864 statunculum
622 808 704 875 juxta
721 807 849 877 St5gium
877 832 880 843 ·
906 809 993 862 Theb.
1016 810 1050 862 X.
1075 812 1124 864 86:
1148 809 1240 864 Lucus
1263 809 1348 876 iners,
1365 810 1421 862 sub·

354 898 524 966 palleutibus
541 896 649 949 umbris
942 904 1041 964 terque
1078 897 1154 974 mus
1190 915 1276 967 grase
1315 897 1420 965 rupibus

941 996 1053 1038 anirum

319 1073 455 1128 Servatus
471 1073 531 1125 siue
550 1071 609 1123 sole
626 1089 723 1123 nemus
905 1071 932 1122 lt
949 1089 1066 1124 menum
1084 1073 1114 1124 iu
1131 1084 1256 1126 montem
1269 1116 1276 1126 .
1289 1116 1296 1126 .
1309 1115 1334 1125 ..

317 1163 343 1214 6.
367 1161 433 1216 164:
454 1159 586 1211 Nondum
609 1159 693 1210 etiam
715 1161 776 1210 toto
799 1159 846 1212 de·
904 1157 991 1212 Theb.
1008 1161 1035 1214 5.
1052 1161 1116 1214 516:
1134 1159 1221 1228 Saepe
1234 1179 1318 1230 super
1332 1159 1420 1212 fluvios

350 1263 459 1300 morsus
476 1262 594 1313 eoi-pore
610 1245 641 1297 in
657 1261 767 1298 amnem
938 1247 1065 1313 geminae
1079 1249 1156 1315 jaeet
1171 1265 1275 1316 aggere
1292 1247 1365 1316 ripae

315 1335 381 1390 Jam
392 1333 620 1402 eaputadrersae
630 1333 755 1403 ponebat
772 1349 846 1385 mar·
873 1338 876 1353 '
903 1332 1070 1402 Continuus,
1116 1337 1294 1404 squamisque
1329 1333 1420 1388 ineisiu

350 1423 415 1494 gine
432 1421 522 1490 ripae;
937 1421 1083 1476 adaestuat
1100 1423 1203 1489 amnis,
1379 1475 1382 1485 ,

315 1510 416 1580 quilius
447 1508 573 1562 versibus
603 1524 717 1577 serpeus
746 1508 844 1574 ingens
902 1508 951 1575 qui
968 1526 1063 1560 versus
1075 1509 1142 1562 dicti
1160 1515 1225 1564 sunt
1243 1511 1279 1564 de
1295 1511 1420 1578 serpente,

351 1595 525 1662 describitur,
536 1593 843 1664 qnamRegulusueoet.
936 1613 1005 1662 quae
1013 1595 1150 1663 Ophelten
1156 1599 1304 1666 parvulum
1312 1596 1418 1650 mordet

315 1686 357 1741 10.
376 1684 441 1737 146ε
459 1683 648 1751 plenamque.
667 1723 674 1735 .
691 1681 779 1736 aboisi
795 1699 843 1750 ga-
900 1681 987 1736 Theb.
1005 1684 1108 1737 8.ῑοοε
1125 1686 1275 1754 galeasque
1290 1690 1362 1739 rotat
1376 1701 1420 1752 per

349 1772 421 1826 leam
438 1771 546 1838 eapitis.
935 1769 1034 1823 nubila
1050 1771 1156 1840 plenas.

312 1928 453 1994 Restant
485 1926 634 1992 nonnulli
672 1926 728 1990 alii
760 1926 827 1990 loci
858 1949 943 2010 quos
975 1926 1151 1992 Emestius
1184 1939 1217 1994 et
1249 1929 1417 2016 Rupertius

313 2029 563 2117 diligentissime
585 2029 619 2092 in
640 2027 840 2094 editionibus
862 2027 998 2094 Silianis
1020 2029 1272 2096 adnotaverunt.

396 2131 548 2214 Denique
575 2129 796 2213 quaerendum
824 2131 887 2194 erit
915 2155 993 2195 num
1020 2131 1187 2197 Moesus
1208 2145 1308 2201 notus
1329 2135 1417 2198 fuerit

312 2234 406 2302 Silio.
452 2231 536 2297 Cum
557 2254 635 2297 vero
659 2241 787 2297 constet
808 2234 993 2318 Vergilium
1020 2235 1226 2318 (conferatur
1249 2236 1374 2303 Gellius
1394 2237 1417 2318 I,

311 2343 363 2407 21.
386 2339 445 2422 7.),
468 2334 643 2418 Ovidium,
666 2335 827 2420 imprimis
848 2336 1042 2420 Horatium,
1064 2336 1206 2422 denique
1229 2364 1339 2406 omnes
1359 2340 1417 2404 fere

311 2441 400 2506 illius
423 2439 541 2504 aetatis
564 2447 679 2524 poetas
701 2437 894 2503 Lucretium
910 2440 1059 2526 plurimis
1081 2442 1163 2506 locis
1179 2451 1323 2508 sectatos
1344 2464 1416 2522 esse,

311 2551 401 2611 certo
429 2540 504 2608 Silii
530 2540 734 2626 temporibus
761 2542 905 2606 carmina
926 2542 1074 2607 Lucretii
1095 2567 1162 2608 non
1183 2567 1259 2609 rara
1281 2555 1371 2609 eraut
1388 2544 1417 2606 iu

310 2643 529 2711 bibliothecis.
572 2642 713 2708 Accedit
734 2642 825 2728 quod
846 2645 942 2708 multi
963 2646 1029 2710 loci
1050 2647 1204 2712 carminis
1227 2646 1345 2713 Siliani
1366 2646 1417 2710 do-

311 2758 386 2812 cent
415 2746 533 2814 Silium
558 2769 624 2811 non
653 2746 759 2812 solum
786 2748 979 2835 scriptorem
1005 2747 1199 2814 historicum
1220 2760 1419 2836 poetamque,

312 2849 491 2917 sedetiam
518 2848 750 2934 philosophum
772 2850 887 2934 fuisse,
915 2875 1015 2936 quam
1042 2850 1084 2915 ob
1112 2873 1246 2917 causam
1272 2877 1337 2918 non
1363 2851 1418 2915 erit

311 2951 529 3016 dubitandum
559 2952 639 3035 quin
668 2951 711 3034 is,
738 2953 795 3037 qui
820 2954 999 3038 permultos
1028 2954 1110 3018 alios
1137 2963 1252 3040 poetas
1274 2955 1417 3042 pervolu-

310 3056 406 3138 tavit,
443 3053 590 3118 Lucretii
627 3077 759 3139 quoque
792 3054 832 3118 de
869 3078 977 3119 rerum
1009 3066 1128 3120 natura
1160 3056 1263 3123 libros
1297 3057 1415 3144 legerit.

310 3156 482 3221 Postremo
505 3157 661 3221 nonnulla
683 3179 724 3220 ex
745 3158 887 3222 carmine
909 3158 1036 3225 Siliano
1059 3159 1132 3245 ipso
1155 3161 1311 3246 vestigia,
1340 3180 1417 3244 quae

311 3258 353 3324 ad
369 3258 560 3324 Lucretium
576 3267 725 3344 spectant
740 3258 858 3324 docent
874 3261 1064 3326 Lsieretium
1079 3271 1193 3327 uotum
1213 3264 1315 3328 fuisse
1331 3262 1416 3330 Silio.

311 3359 530 3426 Conferantur
551 3361 636 3426 enim
658 3360 753 3425 haee:

525 3495 623 3551 Stltus.
1078 3501 1236 3556 morotius.

309 3603 334 3658 3.
361 3603 426 3658 669:
454 3601 515 3656 Stat
541 3599 605 3654 fano
632 3601 748 3655 vicina.
773 3642 779 3655 .
802 3643 836 3655 ..
895 3607 919 3660 6.
955 3606 1019 3661 848:
1055 3606 1124 3659 Esse
1158 3607 1232 3675 apud
1261 3606 1417 3660 Hammonis

344 3690 467 3760 lympha,
928 3689 1023 3744 lanum
1041 3691 1103 3745 tons
1122 3695 1183 3748 luce
1202 3695 1301 3748 diurna

310 3775 384 3842 Quae
396 3782 527 3832 nascente
539 3776 593 3844 die,
612 3793 683 3844 quae
691 3774 836 3831 deficiente
894 3777 1023 3846 Frigidus
1042 3784 1070 3832 et
1088 3780 1192 3834 calidus
1206 3787 1341 3837 nocturno
1353 3786 1416 3835 tom·

344 3863 473 3930 teposoit;
928 3882 995 3933 pore
1014 3866 1109 3920 fertur.

310 3948 438 4018 Quaeque
450 3951 532 4020 riget,
544 3951 652 4004 medius
665 3968 726 4004 oum
740 3951 782 4004 sol
794 3969 834 4005 us·
893 3953 973 4006 Hune
991 3953 1117 4007 homines
1139 3954 1245 4011 fontem
1272 3959 1353 4012 nimis
1375 3955 1417 4009 ad·
1483 3969 1484 3974 ’

344 4037 437 4090 cendit
454 4037 609 4107 Olympum,
928 4040 1065 4095 mirantur
1083 4046 1111 4095 et
1128 4044 1189 4096 acri

308 4123 398 4191 Atque
430 4123 526 4176 eadem
557 4142 667 4180 rursum
694 4126 835 4180 nocturnis
894 4128 952 4182 sole
972 4131 1072 4198 putant
1095 4137 1192 4200 supter
1216 4136 1303 4186 terras
1320 4131 1416 4186 ferves·

342 4209 432 4264 fervet
449 4209 478 4262 in
496 4211 609 4266 umbris.
929 4233 990 4270 oere
1003 4218 1116 4286 raptim,
