3096 4880
776 262 796 326 6

222 446 396 533 Leguntur
422 447 506 510 eninr
535 446 697 533 adjectiva
724 448 862 511 in-osus
893 444 1076 510 desinentia
1108 446 1197 533 apud
1230 446 1347 512 Silium

222 551 360 636 triginta
376 549 532 633 quinque,
548 559 580 614 et
596 549 676 615 haec
692 551 813 614 centies
830 547 949 631 decies,
965 549 1034 613 sive
1048 552 1197 633 O‚901⁰l0.
1231 551 1347 617 Minus

223 651 365 717 studiosi
395 653 484 717 illius
515 654 756 718 terminationis
796 675 895 736 quarn
930 650 1032 718 Silius
1066 661 1142 717 sunt
1181 652 1347 739 Venulus,

223 755 410 840 (aaran),
442 754 563 820 Statius
590 757 779 841 (11868010),
809 755 957 818 maanus
979 755 1168 842 (0,632⁰(0)‚
1206 755 1348 848 Valesius

223 857 357 922 Maccus
372 859 556 945 (11393010),
578 858 742 922 Lucretius
763 859 946 943 (0‚202⁰l0).
991 856 1216 924 Studiosiores
1239 869 1348 924 autem
1371 883 1372 888 ¹

223 959 341 1025 horum
365 960 618 1046 adjectivorum:
644 961 794 1025 Horatius
809 960 992 1046 (tutan),
1019 959 1149 1025 Ouidius
1164 962 1347 1048 (1262010),

226 1063 368 1128 Tibullus
383 1065 565 1149 (173530l0),
589 1061 730 1128 Catullus
751 1065 934 1149 (1547010),
956 1062 1152 1147 Propertius
1165 1065 1347 1151 (l‚995⁰l0).

224 1164 355 1251 Perlegi
378 1165 438 1231 hos
462 1190 571 1231 ornnes
596 1167 788 1252 scriptores,
811 1166 890 1250 quia
911 1166 945 1229 in
967 1151 1131 1232 indicibus
1153 1167 1221 1231 fere
1244 1169 1348 1232 omni-

223 1269 295 1352 bus,
319 1271 433 1354 paucis
456 1270 618 1355 exceptis,
641 1270 675 1332 in
698 1267 880 1354 ejusmodi
903 1291 938 1332 re
960 1291 1076 1354 parurn
1099 1276 1196 1333 curae
1218 1279 1251 1334 et
1273 1267 1348 1334 dili-

224 1372 353 1458 gentiae
376 1373 481 1438 inesse
503 1372 659 1457 cognovi3
681 1369 782 1434 Ennii
805 1379 914 1435 autem
937 1371 1070 1436 annales
1094 1370 1137 1434 ad
1159 1369 1243 1441 hanc
1259 1395 1348 1437 com·

223 1475 428 1560 parationem
457 1472 611 1539 adhibere
643 1472 683 1538 de
715 1471 879 1538 industria
913 1474 1008 1539 omisi
1035 1474 1113 1559 quia
1140 1472 1180 1537 de
1212 1496 1347 1540 numero

222 1599 376 1641 versuum
399 1578 620 1663 periculosum
643 1585 693 1641 est
716 1575 841 1660 aliquid
863 1576 946 1641 velle
969 1584 1148 1656 61616616ι

310 1677 396 1745 Sunt
423 1689 530 1745 autem
558 1689 590 1744 et
614 1680 736 1744 multae
763 1679 846 1744 aliae
873 1701 971 1744 voces
999 1687 1031 1744 et
1058 1678 1242 1743 locutiones
1266 1679 1348 1746 Silio

224 1782 388 1868 Livioque
410 1784 576 1870 propriae,
599 1806 683 1867 quae
700 1782 887 1868 apudalios
903 1783 1082 1868 scriptores
1098 1790 1156 1846 aut
1170 1804 1349 1866 nunquam,

225 1894 282 1949 aut
304 1909 438 1971 perraro
461 1886 626 1972 leguntur.
671 1885 721 1951 Ut
748 1886 853 1950 multa
876 1885 941 1950 alia
964 1883 1115 1950 omittam
1140 1883 1221 1949 haec
1244 1908 1350 1971 pauca

225 1987 341 2053 afferre
362 1989 476 2054 liceat:

224 2127 271 2206 3.,
294 2135 323 2188 et
338 2122 450 2186 Liuius
471 2133 500 2185 et
528 2119 627 2185 Silius
648 2142 872 2206 nonuunquam
897 2121 1095 2186 substantivis
1123 2133 1179 2185 atat
1197 2121 1351 2207 feminini
1381 2112 1384 2116 ¹

223 2227 343 2311 pencris
370 2247 433 2311 pro
458 2224 639 2288 masculinis
664 2225 713 2287 uel
737 2224 802 2287 uice
827 2245 933 2304 uersa,
968 2234 1024 2287 aut
1055 2225 1210 2288 collective
1237 2225 1350 2310 positis

512 2339 652 2391 utuntur.
696 2325 754 2390 Ad
775 2324 866 2409 quod
888 2325 1054 2390 conferas:

230 2457 321 2512 Silius
339 2459 364 2512 5.
381 2458 447 2513 495:
472 2457 539 2511 dnm
564 2461 673 2510 certant
690 2475 755 2526 pars
821 2457 985 2512 16616627.
1004 2457 1028 2510 l.
1040 2457 1067 2511 8.
1087 2455 1267 2510 circumvecti
1285 2473 1350 2526 pars

262 2545 380 2612 excussi,
398 2564 463 2614 pars
482 2544 587 2614 trepidi
606 2544 737 2613 pendent.
856 2560 975 2614 -pars
994 2542 1167 2596 invaderent.

225 2635 251 2686 8.
270 2634 330 2688 489.
350 2632 394 2684 his
407 2633 491 2687 mixti
503 2632 643 2702 Nepesina
655 2633 755 2687 cohors
821 2633 846 2686 2.
854 2633 896 2686 59.
909 2634 950 2686 11.
961 2633 1054 2686 neura
1063 2631 1214 2685 multitudo
1227 2632 1350 2687 decimus
1408 2675 1412 2684 .

852 2707 974 2787 'quisque
993 2718 1068 2772 lecti.

822 2809 846 2862 5.
865 2808 907 2861 35.
928 2810 952 2860 1.
972 2807 1025 2860 6116
1043 2825 1182 2861 manus-
1194 2809 1350 2863 considunt.

227 2897 270 2950 10.
289 2897 351 2951 306.
369 2896 493 2963 dextera,
513 2914 621 2965 quem..
822 2896 864 2950 23.
881 2896 920 2948 11.
936 2895 976 2949 10.
989 2895 1123 2963 magister
1135 2897 1267 2965 equitum,
1281 2915 1351 2966 quae

858 2984 1011 3037 consularis
1029 2989 1154 3052 potestas
1173 2984 1218 3038 sit.

227 3073 269 3126 15.
288 3073 348 3127 500.
367 3071 486 3141 animae,
506 3072 554 3141 qui
823 3073 865 3126 22.
885 3073 972 3126 573.
992 3072 1093 3139 scriba,
1113 3089 1189 3140 quos.

823 3163 865 3216 32.
893 3163 936 3215 29.
965 3162 990 3214 5.
1017 3160 1114 3226 rebus,
1142 3177 1212 3228 quae
1240 3160 1350 3228 agenda

859 3252 932 3300 sunt.

227 3336 269 3390 15.
289 3336 350 3391 566.
369 3353 437 3404 gens
457 3336 520 3389 duri
540 3337 622 3389 bello.
823 3338 848 3390 5.
867 3338 910 3390 48.
929 3337 954 3390 3.
972 3335 1180 3404 gens-urebant.

228 3426 269 3478 16.
287 3425 456 3480 463.(161616
470 3423 552 3477 turba
566 3424 689 3477 contenti
703 3424 758 3476 dis·
824 3426 866 3478 26.
891 3425 933 3478 35.
957 3425 980 3477 7.
1009 3422 1107 3491 ingens
1130 3421 1212 3475 turba
1237 3421 1351 3476 circurn-

263 3512 371 3566 cedunt.
859 3510 913 3588 fusi
931 3509 1095 3563 fremebant.

228 3602 271 3654 17.
290 3602 351 3656 630.
371 3601 440 3653 clari
458 3599 612 3652 Phoenissa
633 3599 759 3668 juventa.
824 3601 866 3654 27.
879 3601 922 3656 51.
938 3599 962 3650 1.
975 3598 1065 3651 omnis
1078 3601 1154 3651 aetas
1168 3596 1245 3650 obvii
1262 3597 1350 3653 ibant.

228 3745 278 3823 4.,
301 3739 341 3802 ld
363 3742 447 3826 quod
469 3741 574 3803 rarius
596 3741 684 3825 apud
706 3741 784 3804 alios
808 3741 975 3825 scriptores
1002 3739 1132 3824 lenitur:
1158 3739 1352 3805 substantiva

229 3842 376 3928 coujunpi
402 3844 568 3908 insolentia
601 3844 741 3929 quadam
769 3866 838 3908 cunc
863 3842 1042 3925 infinitivis,
1074 3844 1161 3928 apud
1186 3856 1352 3929 utrumque

633 3948 756 4033 saepius
776 3947 948 4010 inuenitur:

233 4085 285 4140 Sil.
305 4086 344 4140 13.
366 4087 425 4140 155.
445 4085 547 4154 capital
567 4090 609 4140 est
633 4087 758 4141 commit·
827 4086 891 4140 Iu'v.
909 4088 952 4141 24.
972 4089 1014 4144 37.
1034 4091 1058 4142 9.
1078 4087 1180 4156 capital
1193 4085 1351 4154 estpraesi·

263 4178 323 4227 tere
342 4173 469 4227 Martem.
860 4175 907 4230 dio
925 4175 1067 4230 decedere.
