3096 4880
776 217 817 283 52

388 403 459 472 Huic,
477 402 577 458 ductor
593 402 680 458 laetas
697 363 815 473 Tarpejo
833 402 937 458 vertice
954 419 1073 486 mensas¹

388 490 542 560 spondenti
560 507 625 546 0111
641 489 738 560 quinta
755 490 829 545 diem
846 508 902 544 nox
921 491 990 545 orbe
1007 490 1117 546 tulisset
1123 529 1203 560 .....
1257 517 1259 523 ·
1363 533 1367 550 .

238 610 371 676 Coelius
393 609 541 695 quidem
545 601 661 676 eadem
687 618 878 676 narraverat
905 611 1109 695 (conferatur
1132 609 1277 694 Gellius,
1306 615 1356 679 10.

237 718 292 785 24:
311 715 388 800 6);
410 711 467 780 sed
495 735 536 779 ex
562 737 600 779 eo
627 713 746 779 Livius
768 713 831 812 lib.
859 717 917 797 22,
952 735 1022 799 cap.
1055 716 1107 781 51.
1141 713 1263 778 eisdem
1289 713 1356 777 fere

236 811 362 895 verbis3
379 809 452 904 (de
475 815 643 882 nominum
670 801 810 880 varietai
812 838 844 899 e,
872 838 945 880 cum
973 814 1090 881 Livius
1118 814 1356 901 Maharbalem,

237 901 339 985 Silius
361 919 541 1004 Magonem
565 927 732 984 auctorem
753 918 856 983 fuisse
882 918 971 982 illius
995 918 1124 984 consilii
1146 917 1266 1002 dicant,
1289 917 1358 984 dis·

236 1013 860 1108 011001100000111101100028..)

321 1129 362 1208 3.,
384 1122 470 1188 Tum
491 1121 592 1190 Silius
612 1131 726 1187 narrat
746 1120 803 1187 111).
828 1128 879 1207 17,
901 1148 932 1188 v.
956 1127 1027 1192 134.
1049 1145 1120 1208 sqq.
1144 1122 1184 1187 de
1206 1123 1358 1211 Syphace

237 1247 325 1312 rege,
347 1225 405 1310 qui
426 1226 461 1288 in
482 1245 594 1310 pugna
615 1225 711 1290 vivus
733 1225 872 1312 capitur.
917 1227 1044 1292 Versus
1067 1224 1102 1289 hi
1124 1235 1215 1290 sunt:

389 1333 484 1398 Prima
500 1345 529 1398 in
548 1345 706 1415 cornipedis
725 1346 798 1418 sedit
815 1345 985 1417 spirantibus
1003 1347 1096 1418 ignem

389 1431 510 1487 Naribus
528 1432 608 1486 hasta
624 1434 730 1502 volans,
747 1433 891 1503 erexitque
908 1451 956 1488 ore
974 1437 1088 1489 cruento

391 1519 616 1594 Quadrupedem,
636 1520 715 1576 elatis
733 1522 890 1593 pulsantem
908 1520 1030 1576 calcibus
1049 1539 1137 1576 auras.

390 1607 501 1662 Corruit
523 1625 606 1694 asper
627 1626 728 1678 equus,
744 1609 914 1678 confixaque
937 1589 1051 1678 cuspide
1073 1610 1199 1664 membra

390 1695 452 1749 Huc
469 1694 536 1750 illuc
551 1695 667 1763 jactans,
686 1699 745 1750 1001
747 1713 824 1750 orem
841 1696 967 1788 prodidit
984 1697 1068 1750 hosti.

238 1776 402 1901 idemque
411 1779 536 1880 101101
559 1813 718 1900 Coelius,
730 1815 770 1880 de
793 1839 859 1901 qua
880 1839 915 1880 re
942 1787 1129 1900 conferatur
1150 1816 1359 1884 Hermannus

238 1921 392 2012 Ρο10110.
397 1900 583 2002 Veterum
603 1918 837 2008 historicorum
863 1920 1038 2003 reliquiae,
1065 1919 1129 1985 vol.
1153 1920 1261 2005 prius,
1283 1945 1366 2008 pag,

240 2028 311 2093 160.
357 2021 424 2088 Sed
451 2020 568 2086 Livius
595 2043 728 2105 quoque
749 1997 852 2085 tradit
874 2020 930 2086 lib.
954 2026 1014 2106 30,
1041 2044 1113 2108 cap.
1138 2027 1192 2106 12:
1220 2023 1274 2088 Ibi
1295 2023 1360 2111 Sy-

239 2125 343 2212 phax,
367 2122 446 2188 dum
474 2122 645 2207 obequitat
672 2123 818 2188 hostium
845 2125 979 2208 1111110,
1008 2124 1037 2190 01
1059 2124 1200 2211 pudore,
1223 2127 1253 2191 01
1274 2127 1360 2212 peri-

239 2229 313 2293 culo
337 2249 396 2294 suo
420 2225 537 2312 -fugam
565 2225 680 2314 sistere
707 2236 835 2312 posset,
864 2249 948 2312 equo
974 2227 1122 2312 graviter
1147 2228 1215 2292 icto
1237 2227 1360 2294 effusus

239 2329 437 2417 opprimitur
459 2327 695 2414 capiturque
709 2377 716 2392 .
730 2378 738 2393 .
752 2377 759 2392 .

323 2431 478 2498 Poteram
505 2431 690 2517 complures
704 2465 705 2470 1
723 2429 843 2496 addere
875 2431 982 2515 locos,
1016 2430 1074 2496 sed
1107 2431 1190 2498 duos
1218 2421 1361 2498 sufficiat

240 2527 510 2601 commemorasse
537 2555 578 2598 ex
601 2532 728 2622 quibus
744 2533 973 2620 cognoscimus
996 2532 1115 2601 Silium
1137 2534 1178 2600 de
1199 2533 1362 2602 industria

240 2637 389 2704 Coelium
412 2659 477 2702 101
500 2657 571 2702 0000
593 2644 752 2722 secutum.¹

246 2817 248 2824 Ι
325 2744 367 2823 4,
389 2738 516 2805 Narrat
543 2737 629 2801 enim
652 2717 772 2805 Silius
783 2737 840 2802 lib.
862 2741 899 2822 4,
921 2763 952 2803 v.
975 2697 1048 2808 482.
1073 2762 1144 2824 sqq.
1168 2738 1209 2804 de
1230 2685 1359 2806 Hanni-

240 2844 342 2942 bale,
363 2842 421 2927 qui
448 2849 526 2926 post
559 2840 720 2928 proelium
746 2839 919 2908 Ticinense
944 2840 1112 2908 Romanos
1143 2845 1361 2928 persequitur

241 2935 308 3030 Sed
330 2966 529 3031 quamquam
557 2942 675 3008 Livius
702 2941 758 3032 lib.
781 2946 838 3027 21,
861 2966 932 3029 cap.
955 2945 1040 3014 47.
1031 2967 1102 3031 ipse
1125 2943 1231 3010 addit:
1255 2943 1362 3032 „Coe-

240 3050 305 3113 lius
327 3055 443 3111 auctor
465 3054 515 3110 001
537 3028 716 3130 Magonem
739 3067 812 3108 cum
834 3047 984 3130 equitatu
1006 3055 1038 3111 et
1059 3021 1232 3133 Hispanis
1242 3048 1361 3135 pediti-

241 3151 302 3216 bus
335 3148 454 3244 ssumen
487 3147 651 3232 extemplo
679 3149 926 3263 1101010000,
917 3172 1026 3235 ipsum
1052 3148 1271 3215 Hannibalem
1304 3174 1362 3238 per

242 3237 412 3340 superiora
434 3248 520 3314 Padi
541 3249 627 3314 vada
648 3250 770 3315 exercit
771 3272 827 3312 um
849 3248 1081 3318 traduxissel
1050 3275 1067 3316 e
1068 3251 1263 3337 lephantis
1253 3277 1288 3318 11
1311 3277 1363 3318 or-

243 3356 351 3420 dinem
378 3352 420 3418 ad
448 3351 1252 3444 0110111101111111111001111011111111100011001110,ιι
1281 3378 1363 3440 quae

243 3456 422 3543 descriptio
446 3454 488 3520 ad
511 3455 621 3520 varios
650 3463 785 3544 ornatus
807 3455 1029 3542 explicandos.
1042 3456 1214 3542 aptissima
1235 3457 1364 3543 fuisset,

242 3558 345 3626 Silius
372 3566 482 3623 tamen
508 3555 606 3622 hac
598 3580 631 3620 m
659 3579 694 3621 re
721 3555 811 3621 Livii
838 3558 1019 3644 simplicem
1045 3567 1078 3622 et
1103 3567 1234 3626 tenuem
1256 3549 1365 3626 rerum

241 3662 463 3762 narrationem
483 3659 525 3726 ad
546 3649 684 3724 verbum
706 3641 838 3725 secutus
860 3669 920 3726 est.

327 3766 369 3846 5,
392 3764 546 3829 Alterum
568 3745 752 3850 exemplum
774 3760 831 3826 ubi
851 3760 953 3828 Silius
975 3785 1111 3848 prorsus
1134 3765 1248 3830 eodem
1267 3766 1365 3850 modo

244 3865 333 3932 Livii
356 3867 586 3931 auctoritatem
609 3864 774 3968 sequitur,
798 3861 904 3930 Caelii
925 3867 1080 3953 negligit,
1102 3876 1211 3934 exstat
1233 3868 1289 3934 lib.
1315 3874 1365 3955 17,

177 3987 181 3995 ·
243 3993 274 4033 v.
298 3971 350 4035 46.
353 3971 459 4051 -58.,
482 3968 601 4053 quibus
621 3950 775 4059 versibus
797 3965 995 4054 Scipionis
986 3992 1020 4033 m
1035 3969 1185 4036 Africam
1207 3974 1366 4057 trajectus

177 4149 181 4162 ι
245 4068 453 4172 describitur.
502 4069 579 4136 Etsi
611 4069 696 4165 enirn
729 4063 846 4162 Livius
878 4071 935 4137 lib
969 4074 1026 4156 29,
1060 4094 1130 4158 cap.
1164 4076 1215 4142 27.
1248 4073 1365 4140 tradit:
