3096 4880
811 293 852 357 96

270 474 327 542 W.
351 473 390 539 Il.
413 475 535 554 Reuss3
562 498 637 563 pag.
660 479 723 562 a),
746 477 931 562 intorques
953 485 1070 564 poetas
1086 476 1200 561 Silius,
1222 476 1390 560 Lucanus,

272 578 401 646 Statius
423 601 489 644 nou
504 578 650 644 infimum
665 579 774 644 locum
789 581 949 646 obtinent.
993 579 1141 644 Primum
1157 588 1267 646 autem
1281 580 1389 646 locum

271 681 357 746 inter
378 681 520 767 Vergilii
543 690 721 749 sectatores
745 681 782 748 O.
798 682 953 749 Valerius
968 682 1108 748 Flaccus
1130 682 1278 748 obtinere
1299 681 1390 747 vide-

272 792 338 867 tur,
361 782 401 848 de
422 805 488 868 qua
510 806 544 847 re
567 784 778 850 conferantur
804 808 888 870 quae
915 783 1072 852 disseruit
1093 785 1145 850 vir
1172 784 1290 850 doetus
1312 807 1388 870 pag.

273 889 480 970 &tec-308..
506 887 571 952 vol.
600 891 630 954 8.
657 886 734 950 libri
760 886 849 953 illius
872 887 930 972 qui
952 886 1156 952 inscribitur:
1178 886 1390 974 Nachtraege

273 1012 314 1052 zu
329 987 473 1056 Sulzer's
488 989 629 1054 Theorie
647 987 706 1053 der
721 988 882 1054 schoenen
897 989 1054 1056 Kuenste.
1099 989 1265 1076 Imprimis
1287 989 1390 1076 igitur

273 1091 336 1156 hoc
357 1093 430 1157 loco
454 1090 633 1156 cavendum
649 1099 755 1157 estne
777 1114 833 1158 eos
855 1093 958 1177 locos,
979 1114 1064 1177 quos
1085 1100 1224 1177 uterque
1239 1091 1389 1176 Vergilio

274 1195 339 1280 ipsi
361 1193 469 1277 debet,
492 1191 534 1258 ad
556 1192 639 1259 hanc
661 1195 887 1278 quaestionem
903 1194 1087 1278 afferamuS‚
1108 1193 1199 1278 quod
1219 1195 1389 1279 exquirere

274 1305 361 1363 esset
387 1318 446 1382 per
473 1317 507 1361 se
537 1295 617 1361 satis
645 1296 744 1384 longa
772 1296 964 1384 disputatio.
1009 1297 1148 1363 Restant
1173 1306 1282 1361 tamen
1308 1319 1389 1361 non-

274 1399 364 1463 nulla
390 1421 430 1463 ex
457 1397 578 1482 quibus
605 1408 742 1484 apparet
769 1399 855 1465 inter
880 1423 936 1467 eos
965 1409 1080 1487 poetas
1106 1422 1189 1484 quos
1216 1399 1391 1486 diligenter

274 1501 398 1586 legerat
421 1498 522 1566 Silius
545 1501 717 1568 Valerium
739 1501 894 1567 Flaccum
916 1503 1032 1581 fuisse3
1055 1524 1138 1588 quae
1160 1510 1391 1588 comparentur
1452 1555 1457 1565 .

274 1604 360 1668 inter
381 1626 431 1669 se:

361 1706 551 1790 „Mentitus
574 1707 743 1793 aliquem“
765 1709 941 1796 participio
963 1717 1101 1793 uterque
1123 1708 1228 1773 utitur
1250 1730 1310 1795 pro
1334 1705 1392 1772 ad·

271 1809 394 1896 jectivo
418 1809 549 1876 similis:

281 1962 383 2032 silica
405 1966 430 2020 2.
454 1965 519 2019 637:
546 1963 724 2035 Eurymedon
751 1963 804 2020 fra·
872 1965 1012 2034 Valeriae,
1036 1967 1144 2022 1155:
1169 1983 1225 2020 non
1239 1966 1298 2036 jam
1316 1981 1391 2018 men·

311 2056 383 2106 trem
411 2055 440 2106 et
465 2051 580 2106 fratrem
608 2053 725 2107 mentite
751 2052 803 2122 Ly·
897 2053 966 2108 titae
983 2055 1091 2109 vultum
1109 2070 1259 2122 vocemque
1275 2052 1393 2106 resumit

310 2156 412 2207 corma,
898 2141 1067 2210 Chalciopes.

862 2229 927 2284 211:
947 2230 1018 2284 siout
1030 2232 1089 2282 erat
1106 2231 1213 2283 mutata
1224 2229 1305 2283 deam
1317 2244 1393 2282 men·

896 2318 1002 2386 titaque
1020 2316 1103 2386 pictis
1121 2316 1270 2372 Vestibus.
1285 2357 1311 2369 ..

362 2487 432 2551 Alii
455 2486 519 2552 loci
540 2487 575 2552 hi
597 2496 686 2553 sunt:

445 2653 449 2664 ’
492 2640 590 2697 Stltus.
1064 2645 1199 2701 Valerius.

276 2765 301 2819 3.
321 2763 384 2818 699:
407 2760 448 2817 Ae
471 2762 559 2832 major
580 2765 648 2818 nota
668 2762 727 2832 jam
749 2780 805 2818 vox
864 2768 889 2821 2.
912 2768 976 2823 226:
999 2771 1120 2836 notaque
1145 2772 1226 2822 sonat
1248 2787 1303 2824 vox
1326 2785 1391 2825 eon·

313 2851 472 2920 prorumpit
489 2851 519 2904 in
537 2867 629 2904 auras:
739 2905 790 2938 η
897 2855 963 2926 juge
981 2855 1078 2925 major.

277 2936 700 2993 5.1m:lelandumestastu:
718 2937 806 2993 le'v''r.
864 2943 889 2998 4.
909 2945 973 2999 621:
997 2942 1051 2998 Sed
1078 2948 1107 2998 te
1132 2960 1190 2997 non
1215 2945 1314 2999 animis
1341 2961 1392 2998 nec

312 3025 372 3080 laus
390 3024 420 3079 in
438 3023 508 3080 duee
526 3024 648 3080 dextrae.
758 2956 792 3165 ἰ
901 3032 967 3085 solis
990 3031 1097 3087 viribus
1125 3048 1243 3102 aequom
1260 3033 1392 3103 Credere3

902 3135 984 3190 saepe
1023 3119 1081 3174 acri
1115 3119 1210 3188 potior
1244 3122 1393 3190 prudentia

278 3202 302 3256 5.
321 3199 387 3255 673:
405 3199 509 3255 Fronte
533 3200 624 3254 minae
641 3200 753 3269 durant,
778 3205 807 3256 et
901 3207 1007 3263 dextra

312 3290 388 3342 stant
404 3286 433 3340 in
451 3287 573 3343 vultibus
592 3287 666 3344 irae!
866 3296 890 3350 2.
910 3297 952 3350 21.
971 3296 1087 3364 quisque
1101 3313 1164 3349 suas
1182 3295 1211 3349 in
1223 3314 1292 3367 rupe
1305 3298 1393 3353 minas

900 3399 1076 3453 pugnamque
1116 3388 1260 3452 metusque

721 3521 726 3526 .
866 3469 1077 3525 Servatadhuo.

282 3553 305 3605 7.
324 3549 389 3606 674:
409 3548 460 3617 Ut,
485 3548 533 3616 qui
555 3548 674 3604 viscatos
691 3552 807 3621 popula·
866 3559 891 3614 6.
911 3558 977 3613 260:
1007 3557 1121 3625 Qualem
1148 3560 1285 3631 populeae
1309 3561 1394 3616 fiden-

314 3641 360 3692 tur
377 3635 512 3691 arundine
529 3635 616 3705 lucos,
899 3650 957 3700 tem
975 3645 1091 3722 nexibus
1115 3649 1243 3716 umbrae,

279 3725 352 3778 Dum
365 3724 487 3779 nemoris
509 3723 576 3779 celsi
594 3742 712 3794 procera
729 3744 807 3782 cacu-
900 3733 925 3787 si
953 3733 1014 3802 quis
1038 3752 1117 3789 avem
1148 3737 1248 3791 summi
1277 3736 1396 3793 deducat

315 3811 390 3867 mina
408 3811 510 3867 sensim
901 3821 935 3874 eb
954 3837 1017 3875 aere
1035 3823 1114 3891 romi,

281 3896 443 3954 substructa
466 3903 554 3956 certat
577 3900 678 3956 tacitus
701 3903 807 3957 eontin-
868 3912 931 3962 ante
967 3926 1048 3963 manu
1082 3911 1167 3966 tacita
1203 3913 1247 3967 eui
1276 3915 1395 3984 plurima

316 3987 382 4054 glore
399 3991 482 4056 meta,
902 3998 991 4051 crevit
1013 3997 1132 4068 arund03

280 4073 431 4128 Sublimem
450 4075 555 4131 calamo
585 4077 711 4145 sequitur
737 4095 808 4133 eres·
866 4087 914 4140 illa
932 4087 1004 4141 dolis
1021 4086 1151 4156 viscoque
1171 4105 1254 4156 super
1268 4093 1397 4160 correpta

315 4166 394 4217 cente
413 4161 560 4216 volucrem.
902 4175 991 4230 tenaci
