3096 4880
853 288 897 354 30

316 499 380 561 pax
414 497 516 560 quam,
545 482 675 561 sperata
702 472 856 552 victoria3
889 472 969 538 haoo
990 473 1025 537 in
1051 481 1123 557 tua,
1151 473 1208 538 illa
1233 473 1266 536 in
1299 471 1442 538 deorum

316 601 415 644 manu
434 587 501 662 est,
529 601 569 643 ne
595 586 648 644 tot
670 565 828 644 simorum
853 576 1044 642 felicitatem
1071 577 1106 642 in
1132 576 1229 642 unius
1255 574 1357 642 horae
1377 576 1442 643 de·

315 681 405 748 deris
431 681 627 746 discrimen“
643 729 651 744 .
668 727 700 746 ..
745 678 802 744 Ad
834 679 897 746 hoc
929 688 1037 746 tamen
1063 677 1164 744 Ennii
1194 678 1296 745 rerba
1327 680 1442 748 minus

315 784 477 870 quadrare
491 783 572 850 mihi
580 783 744 865 videntur,
760 805 834 847 cum
845 781 958 868 Scipio
974 784 1154 869 ‚,regnum“
1168 802 1234 848 non
1245 781 1442 868 obtinuerit,

316 910 420 972 neque
448 888 517 951 ulla
543 887 632 951 illius
659 885 818 950 orationis
844 884 986 972 vestigia
1014 883 1102 971 apud
1129 883 1274 950 Ennium
1299 895 1441 954 restent.

317 989 394 1072 Quo
422 989 562 1073 accedit,
589 986 680 1072 quod
705 995 838 1073 poetam
863 987 992 1072 epicum
1017 988 1149 1054 minime
1176 986 1270 1054 decet
1295 989 1442 1076 impera-

315 1103 421 1159 torem
443 1114 540 1178 quem
564 1112 691 1176 semper
717 1089 934 1156 fortissimum
961 1099 994 1155 et
1022 1090 1307 1157 bellicosissimum
1329 1092 1441 1177 finxit,

317 1194 462 1280 denique
478 1193 520 1258 de
542 1215 622 1280 pace
648 1201 796 1258 orantem
816 1192 937 1272 facere3
965 1192 1078 1276 itaque
1101 1191 1204 1260 Silius
1226 1217 1357 1278 quoque
1378 1195 1442 1260 illa

316 1321 400 1382 quae
422 1297 550 1380 Livius,
573 1294 715 1382 scriptor
733 1295 911 1360 historicus
934 1294 974 1360 de
989 1294 1051 1360 hac
1071 1318 1107 1374 re
1129 1294 1277 1380 tradidit,
1299 1320 1440 1383 prorsus

318 1401 445 1484 omisit,
471 1421 531 1464 nec
557 1397 846 1483 crederepossum
874 1398 963 1485 apud
983 1397 1127 1464 Ennium
1150 1399 1330 1465 orationem
1352 1424 1438 1485 quae

308 1491 434 1570 ‘similis
454 1502 555 1567 fuerit
576 1501 745 1584 Livianae,
766 1500 878 1590 fuisse.

405 1609 471 1690 16,
504 1603 663 1689 Sequitur
701 1625 830 1690 pugnae
863 1602 906 1668 ad
938 1603 1072 1669 Zamam
1106 1605 1212 1669 factae
1246 1605 1437 1693 descriptio,

318 1709 516 1793 Priusquam
547 1715 656 1772 autem
683 1707 798 1792 copiae
831 1706 1088 1793 congrediuntur
1115 1707 1285 1772 Hannibal
1315 1711 1438 1777 milites

319 1835 397 1878 suos
418 1813 571 1877 hortatur
592 1818 625 1874 et
647 1810 694 1874 ita
708 1809 840 1894 quidem
862 1817 900 1874 ut
916 1809 1063 1896 singulas
1085 1832 1138 1876 res
1154 1833 1318 1895 aquaque
1333 1813 1440 1878 milite

314 1915 482 2002 praeclare
504 1921 615 1999 gestas
637 1912 756 1976 referat
777 1921 811 1977 et
833 1911 953 1976 ducum
974 1911 1197 1977 Romanorum
1219 1915 1441 1980 exercituum-

318 2039 382 2102 que
397 2017 579 2083 occisorum
594 2016 791 2079 mentionem
805 2015 914 2080 faciat.
959 2014 1054 2098 Quae
1072 2025 1249 2101 postquam
1262 2019 1442 2106 recensuit,

319 2121 367 2187 sio
388 2119 498 2205 pergit
520 2120 566 2203 (v.
589 2121 662 2201 328,
684 2116 740 2181 lib.
766 2117 849 2202 170:

471 2275 545 2343 Quid
561 2291 626 2341 vos,
645 2274 706 2344 quis
725 2273 799 2327 claro
818 2273 940 2327 deletum
957 2278 1001 2328 est
1017 2273 1106 2330 Marte
1123 2275 1277 2346 Saguntum

472 2361 632 2417 Exhortor?
650 2377 719 2431 quoa
738 2359 888 2415 nobilitant
904 2362 1060 2432 primordia
1078 2363 1163 2418 belli?

472 2450 678 2507 ....Certatus
695 2446 777 2503 nohis
794 2448 879 2504 hodie
897 2448 1040 2503 dominum
1057 2451 1159 2521 accipit
1176 2452 1259 2507 orbis.

320 2611 432 2698 Hujus
455 2606 614 2676 orationis
636 2614 762 2691 partem
785 2605 877 2670 illum
898 2626 1029 2670 versum
1050 2605 1150 2672 Ennii
1174 2632 1245 2678 esse
1268 2611 1380 2678 oredo:

339 2714 432 2784 (318.):
468 2711 523 2766 Sed
542 2709 608 2780 quid
627 2726 678 2778 ego
696 2710 765 2763 haec
783 2707 928 2763 memoro?
946 2707 1052 2763 dictum
1069 2709 1227 2782 factumque
1245 2712 1312 2768 facit
1328 2714 1404 2770 fruxt

408 2822 476 2901 17,
501 2815 672 2883 Victoriae
705 2812 747 2877 ad
775 2811 905 2878 Cannas
938 2823 1126 2900 reportatae
1157 2818 1308 2883 nuntium
1334 2820 1442 2908 Mago

322 2920 554 3008 Carthaginem
569 2917 673 3001 affert,
695 2915 752 3005 qui
767 2915 946 2981 laetissima
960 2939 1108 3002 quaeque
1130 2917 1164 2983 in
1179 2921 1269 2986 ouria
1291 2920 1331 2986 de
1346 2922 1442 2988 Han·
1530 2985 1531 2990 ,

320 3023 439 3089 nibalis
453 3019 601 3088 victoriis
616 3019 821 3107 pronunciat.
866 3017 922 3083 Ad
943 3017 1041 3084 fidem
1062 3030 1130 3086 tam
1150 3022 1309 3088 laetarum
1331 3048 1442 3091 reruni
1530 3061 1531 3068 1

321 3124 444 3191 effundi
465 3125 500 3189 in
521 3125 612 3188 curia
629 3122 724 3209 jubet
746 3121 883 3189 annulos
906 3123 1071 3206 equitibus
1085 3123 1241 3191 Romanis
1262 3125 1442 3214 detractos,

321 3229 474 3312 civesque
497 3249 575 3294 suos
602 3225 796 3291 adhortatur
823 3233 861 3288 ut
882 3224 1100 3290 Hannibalem
1123 3228 1271 3313 auxiliis,
1292 3233 1442 3316 pecunia,

321 3330 514 3418 elephantis,
536 3329 699 3393 frumento
722 3326 889 3413 adjuvent,
912 3336 949 3391 ut
970 3325 1076 3393 Roma
1097 3329 1159 3394 hac
1181 3332 1274 3398 clade
1296 3335 1443 3420 graviter

318 3437 388 3521 jam
410 3431 532 3498 afflicta
552 3430 701 3496 funditus
729 3438 905 3495 evertatur.
950 3428 1057 3496 Simul
1077 3431 1273 3500 Hannonem
1294 3437 1443 3524 increpat

322 3537 432 3603 verbis
455 3534 611 3621 gravibus
638 3555 716 3596 num
746 3533 846 3596 etiam
872 3554 959 3597 nunc
986 3555 1060 3597 eum
1085 3536 1253 3620 poeniteat
1274 3539 1353 3604 belli
1372 3539 1442 3605 Ro-

322 3640 426 3705 manis
448 3635 551 3703 illati?
583 3635 725 3722 Magoni
739 3643 848 3700 autem
862 3634 1039 3721 respondet
1052 3636 1173 3703 Hanno
1189 3641 1337 3705 oratione
1360 3644 1441 3707 satis

323 3740 502 3824 invidiosa,
529 3761 595 3822 qua
622 3737 746 3802 auxilia
774 3737 846 3801 dari
872 3736 1052 3805 dissuadet.
1097 3739 1192 3822 Quae
1220 3744 1441 3810 01111οΗ1111-

323 3845 419 3912 nonis
441 3842 530 3930 apud
552 3840 669 3910 Silium
691 3839 747 3906 lib.
766 3845 815 3925 11,
830 3866 861 3906 r.
877 3843 950 3910 555.
968 3864 1039 3928 sqq.
1052 3851 1172 3928 exstat,
1194 3844 1251 3911 ubi
1272 3845 1307 3911 hi
1328 3848 1441 3934 legun-

322 3956 377 4010 tur
399 3967 528 4012 versus:

343 4083 423 4152 (558.)
566 4081 632 4148 quin
650 4098 685 4135 ne
696 4085 833 4137 mutatum
851 4082 930 4136 vanis
949 4083 1081 4139 absistere
1099 4084 1202 4151 credat,

566 4185 637 4222 nunc
654 4187 751 4239 pacem
769 4172 902 4228 orandum
918 4215 923 4226 .
938 4213 944 4226 .
958 4213 984 4226 ..
