3096 4880
648 279 689 344 27

109 487 192 530 care
212 459 338 548 studet,
366 487 457 556 arma
484 463 694 548 sarcinasque
726 463 784 527 vix
809 471 939 549 gestare
966 472 1120 550 possunt3
1153 487 1228 528 nam

110 569 158 653 (v.
177 569 285 654 5223:

539 669 649 725 abscisa
666 669 827 738 relinquunt

251 757 379 812 Membra
396 755 460 828 gelu
481 756 640 827 fractosque
664 775 747 827 asper
762 757 841 828 rigor
857 760 984 828 amputat
1001 761 1086 812 artus.

111 862 189 927 Non
211 861 327 928 dubito
350 861 432 946 quin
451 861 487 925 in
514 860 614 928 simili
639 861 738 962 hujus
765 861 965 929 narrationis
992 885 1120 928 conexu
1142 862 1230 949 apud

110 965 256 1030 Ennium
277 965 308 1030 ei
329 985 444 1030 versus
466 964 588 1028 fuerint
602 965 660 1048 qui
676 973 808 1031 exstant
823 962 912 1051 apud
926 964 1125 1032 Vahlenium
1146 966 1233 1030 inter

111 1068 257 1133 incertae
279 1066 366 1133 sedis
388 1067 572 1153 fragmenta
592 1089 623 1130 v.
644 1071 719 1135 481.
742 1076 776 1133 et
796 1071 875 1136 482:

609 1187 737 1257 viresqne
753 1189 877 1243 valentes

387 1297 390 1306 ’
474 1275 606 1330 Contudit
623 1277 743 1330 crudelis
760 1275 879 1345 hiemps.

114 1381 236 1448 Rarius
258 1389 367 1446 autem
381 1403 480 1465 quam
495 1379 569 1446 aliis
592 1380 673 1446 locis
695 1380 758 1446 hac
779 1382 932 1449 carminis
946 1391 1040 1468 parte
1060 1382 1116 1448 ubi
1132 1381 1235 1450 Silius

114 1484 251 1570 Alpium
267 1483 474 1549 altitudinem
496 1492 529 1548 et
543 1483 721 1548 transitum
735 1483 1050 1572 periculosissimum
1066 1485 1235 1570 describit,

117 1587 256 1652 aliorum
282 1596 454 1675 poetarum
481 1586 623 1672 vestigia
651 1586 848 1665 invenimus3
874 1587 1017 1654 fortasse
1042 1589 1146 1675 igitur
1171 1613 1238 1654 non

37 1765 38 1768 Ἴ
115 1691 214 1777 pauci
240 1689 342 1754 Ennii
366 1711 482 1754 versus
508 1687 572 1754 hoc
598 1688 806 1774 potissimum
834 1690 906 1754 loco
930 1689 1019 1776 apud
1041 1691 1159 1758 Silium
1180 1715 1237 1756 ex-

117 1802 236 1860 stant·
261 1791 439 1878 (Conferas
461 1800 495 1854 et
516 1813 555 1855 ea
576 1813 661 1874 quae
683 1815 758 1878 pag.
780 1795 929 1862 22.-24.
951 1792 1049 1880 dixi.)

204 1900 266 1978 12,
288 1894 447 1978 Sequitur
466 1893 613 1958 narratio
636 1893 703 1958 doli
725 1895 814 1960 illius
836 1895 1051 1981 Hannibalis,
1073 1897 1142 1982 qui,
1164 1919 1239 1963 cum

118 2025 138 2064 a
160 1998 266 2063 Fabio
293 1998 379 2060 inter
404 1995 581 2062 Formiana
608 2017 689 2063 saxa
721 2021 760 2062 ac
786 1997 916 2064 Literni
942 1998 1079 2086 paludes
1106 2002 1237 2068 clausus

117 2109 295 2183 teneretur,
317 2099 417 2165 boves
441 2108 604 2164 sarmenta
625 2101 757 2166 incensa
777 2100 931 2168 cornibus
953 2111 1102 2188 gerentes
1124 2127 1239 2170 versus

118 2202 265 2268 hostium
287 2210 396 2267 castra
417 2201 526 2266 emisit
548 2225 682 2287 sperans
704 2203 775 2268 fore
796 2213 834 2268 ut
855 2203 997 2270 Romani
1018 2214 1143 2272 terrore
1164 2231 1239 2293 per-

117 2304 244 2369 turbati
271 2304 445 2370 elatebris
478 2303 680 2370 excederent.
712 2291 833 2390 ‘Quae
866 2329 918 2372 res
951 2332 971 2372 a
1002 2307 1085 2375 Silio
1117 2303 1173 2375 lib.
1208 2317 1239 2396 7,

119 2433 150 2474 v.
174 2411 247 2476 352.
265 2431 336 2492 sqq.
360 2405 568 2491 describitur,
590 2408 648 2472 ubi
671 2408 758 2473 ethi
781 2410 935 2496 leguntur
957 2435 1087 2479 versus:

137 2530 219 2600 (356.)
780 2547 832 2599 per
849 2531 919 2586 altos

281 2616 377 2670 Saxosi
395 2616 525 2685 scopulos
543 2618 647 2672 montis
666 2618 810 2688 lymphata
826 2618 951 2673 feruntur

281 2703 404 2774 Corpore
421 2705 521 2758 anhela
537 2705 623 2758 boum
640 2710 723 2774 atque
742 2706 863 2762 obsessis
880 2707 994 2764 naribus
1013 2708 1072 2779 igni

280 2791 435 2846 Luctantur
452 2791 555 2846 frustra
572 2793 665 2847 rabidi
682 2795 791 2864 mugire
805 2793 925 2864 juvenci.

115 2911 218 2994 Quae
240 2910 353 2976 eadem
380 2933 432 2976 res
460 2913 570 2978 nescio
600 2935 641 2978 an
667 2913 720 2980 his
742 2915 893 2981 frustulis
923 2916 1126 3002 significetur
1152 2921 1241 3006 apud

120 3015 265 3082 Ennium
287 3014 388 3098 (inter
410 3014 554 3080 incertae
576 3016 663 3083 sedis
685 3017 870 3104 fragmenta
890 3041 922 3084 v.
945 3021 1050 3106 5710:

507 3149 535 3172 ¹.-
550 3160 556 3172 .
575 3120 857 3191 clamorebovantes,

45 3217 49 3222 ’
120 3247 219 3309 quem
247 3245 379 3289 versum
405 3221 447 3288 de
473 3223 579 3290 bobus
609 3246 681 3290 esse
711 3224 836 3291 dictum
866 3230 975 3294 Varro
1004 3230 1044 3295 de
1070 3233 1241 3318 l.l.V11,

123 3332 194 3398 104.
217 3330 267 3422 Μ.ι
281 3350 342 3392 nos
364 3325 472 3411 dccet,
495 3336 528 3392 et
549 3351 580 3392 v.
593 3331 683 3398 588.:

390 3471 436 3486 ...
454 3429 628 3502 funduntque
646 3431 726 3487 elatis
745 3434 858 3490 naribus
875 3435 974 3492 lucem.

123 3535 246 3602 Varios
274 3536 359 3600 enim
385 3537 492 3602 fontes
520 3535 639 3603 Silium
666 3536 729 3603 hoc
756 3539 830 3605 loco
858 3551 1007 3607 secutum
1034 3566 1105 3610 esse
1131 3545 1244 3612 multis

125 3661 166 3702 ex
192 3637 290 3704 rebus
322 3647 468 3725 apparet.
512 3637 661 3704 Primum
688 3642 773 3706 enim
800 3642 891 3709 Livii
922 3648 1144 3712 narrationem
1176 3671 1245 3712 am·

126 3740 251 3828 plificat
272 3741 363 3825 quod
384 3741 552 3808 Acherrae
574 3752 607 3808 et
627 3743 776 3811 Maraxis
795 3747 992 3813 mentionem
1013 3749 1106 3828 facit3
1129 3748 1247 3820 deinde

126 3852 241 3909 contra
263 3842 352 3908 Livii
375 3845 443 3928 (22,
467 3847 534 3931 16.)
557 3855 590 3910 et
611 3845 745 3934 Polybii
773 3849 819 3932 (3,
842 3853 911 3936 93.)
935 3851 1166 3918 auctoritatem
1187 3857 1246 3940 qui

127 3945 332 4013 Hasdrubali
345 3947 513 4034 negotium
528 3946 641 4012 datum
658 3973 728 4014 esse
750 3951 886 4016 tradunt
907 3961 945 4016 ut
966 3954 1081 4038 primis
1103 3958 1247 4024 tenebris

127 4049 233 4116 noctis
261 4049 296 4114 id
322 4058 505 4116 armentum
537 4052 682 4116 accensis
710 4053 863 4120 cornibus
896 4055 938 4119 ad
969 4067 1096 4124 montes
1124 4071 1247 4148 ageret,

124 4155 253 4238 jussum
269 4153 351 4218 illud
366 4153 506 4242 Magoni
521 4177 593 4222 esse
615 4153 728 4220 datum
750 4165 878 4237 narrat,
901 4157 1041 4248 denique
1062 4163 1151 4248 apud
1174 4187 1247 4230 eum
