3096 4880
638 278 681 342 43

97 489 212 545 voces;
234 468 265 548 9,
290 469 376 534 123.:
399 463 566 530 Tum-vox
588 461 766 528 effunditur
781 483 852 540 ore3
877 465 927 546 10,
944 463 1033 530 365.:
1056 469 1135 525 tuuc
1152 483 1219 525 vox

99 570 205 635 effusa
225 591 283 654 per
305 590 417 646 auras3
448 570 503 650 14,
531 569 619 636 215.:
649 563 790 630 Credere
817 573 888 630 erat
910 563 1049 630 stabulis
1072 571 1219 629 armenta

100 672 267 738 effundere
293 692 400 736 voces.
444 668 534 735 Nolo
557 677 666 733 tamen
695 668 825 734 silentio
848 667 1107 752 praetermittere
1130 664 1219 753 apud

100 775 287 861 Vergilium
308 773 393 838 hano
414 772 614 840 locutionem
627 771 735 840 tribus
756 770 840 838 locis
861 793 913 834 me
934 770 1111 835 iuvenisse:
1134 771 1218 836 Aen.

101 880 131 961 5,
153 881 242 956 482.;
265 880 296 960 5,
320 879 406 954 123.;
430 880 461 959 8,
485 879 534 945 70.
556 913 599 924 -

67 1017 71 1028 ·
184 985 247 1064 39,
270 980 360 1044 Dum
381 978 476 1065 Apos
499 978 638 1064 profecti
660 986 736 1044 suut

553 1080 679 1136 instincti
696 1084 812 1152 pectora
829 1079 917 1136 Poeni

100 1190 148 1274 (v.
172 1193 258 1272 242,
280 1186 336 1252 111).
360 1188 407 1274 8.)
428 1186 552 1254 Romae
566 1186 616 1253 M.
631 1186 804 1250 Terentius
819 1187 929 1252 Varro
945 1185 1060 1250 consul
1083 1193 1220 1252 creatur.

101 1291 160 1356 Ad
174 1314 272 1376 quem
285 1290 393 1355 locum
415 1289 626 1354 conferantur
646 1288 746 1354 Ennii
768 1288 869 1353 verba
883 1285 996 1354 eodem
1018 1310 1132 1356 versus
1147 1289 1221 1354 loco

17 1409 22 1416 '
101 1394 213 1480 posita
235 1394 357 1478 (312.):
886 1485 888 1489 ,

554 1494 676 1567 perculsi
692 1499 807 1564 pectora
823 1495 918 1550 Poeni.

85 1603 100 1616 ’
186 1605 256 1685 40.,
284 1602 324 1668 Iu
350 1623 463 1688 pugna
490 1598 654 1666 Cannensi
681 1599 784 1668 Silius
811 1599 1002 1664 1111111111).
1025 1602 1062 1683 9,
1089 1624 1120 1664 v.
1147 1603 1221 1670 339.

101 1727 142 1770 ne
164 1705 332 1770 falaricam
354 1703 488 1789 quidem
511 1704 634 1770 afuisse
648 1703 669 1767 i.
686 1725 713 1768 e.
729 1703 843 1788 ingens
865 1703 967 1768 telum
990 1701 1140 1786 quamvis
1154 1725 1220 1766 non

102 1807 166 1872 nisi
182 1804 224 1871 ad
234 1829 345 1874 muros
360 1804 555 1873 evertendos
573 1815 699 1893 aptum.
736 1805 831 1872 Haeo
845 1829 911 1872 vox
923 1802 1012 1891 apud
1024 1804 1157 1870 Livium
1168 1804 1220 1870 bis

103 1910 171 1994 (21.
195 1913 225 1978 8.
251 1915 317 1988 10.;
345 1913 397 1978 34.
424 1911 594 1995 14.11.;),
623 1907 712 1995 apud
732 1907 919 1994 Vergilium
947 1907 1046 1974 semel
1068 1907 1167 1992 (Aen.
1191 1911 1222 1990 9,

103 2013 209 2097 195),
239 2011 327 2098 apud
355 2011 527 2080 Lucanum
556 2013 654 2080 semel
681 2011 732 2095 (6,
765 2012 853 2097 198.)
881 2019 999 2076 exstat.
1048 2009 1224 2076 Praeterea

104 2115 227 2200 legitur
248 2113 337 2200 apud
358 2113 503 2180 Ennium
525 2115 711 2201 (interino.
736 2112 804 2179 sed.
826 2115 910 2200 frag.
934 2138 965 2178 v.
989 2114 1095 2199 534.):

326 2217 402 2285 Quae
420 2217 512 2272 valido
535 2218 613 2272 venit
630 2221 758 2272 contorta
779 2215 892 2270 falarica
908 2217 1004 2285 missu,

105 2331 138 2386 et
159 2330 210 2388 ter
232 2320 320 2408 apud
342 2321 476 2390 Silium:

83 2437 85 2446 '
122 2445 147 2512 1,
165 2444 232 2500 3512
303 2441 414 2498 Librari
431 2445 518 2498 multa
542 2448 674 2498 consueta
690 2443 805 2498 falarica
823 2442 933 2510 dextra;

123 2534 148 2599 6,
166 2533 231 2588 273:
304 2531 421 2601 Jamque
444 2532 506 2586 alvo
529 2532 640 2602 penitus
658 2532 787 2586 demersa
802 2529 915 2585 falarica
933 2530 1021 2599 sedit;

123 2621 148 2688 9,
166 2620 230 2674 339:
302 2620 501 2689 Interdumque
519 2619 586 2690 ipsis
603 2619 753 2674 metuenda
770 2617 882 2672 falarica
899 2619 995 2672 muris.

191 2728 256 2809 41,
278 2724 319 2790 Iu
340 2724 461 2790 Trebia
483 2723 614 2788 flumine
637 2723 694 2788 alii
708 2724 955 2810 immerguntur,
979 2723 1036 2789 alii
1057 2723 1098 2790 ab
1120 2724 1226 2790 hosti·
1302 2753 1303 2756 ¹

106 2827 168 2892 bus
208 2827 409 2893 instantibus
447 2824 644 2910 caeduntur,
669 2827 745 2891 alii
786 2825 893 2892 nando
936 2827 1074 2892 salutem
1115 2836 1226 2914 petere

107 2927 250 2994 student.
294 2928 388 2994 Dicit
408 2929 494 2994 euim
517 2929 619 2998 Silius
641 2929 697 2995 lib.
719 2933 751 3013 4,
773 2954 803 2994 v.
827 2932 906 2998 585:

310 3065 361 3120 Ille
379 3067 452 3121 celer
469 3066 556 3120 uaudi
570 3067 629 3136 jam
644 3055 756 3136 janique
773 3066 946 3136 apprendere
964 3069 1025 3120 tuta

310 3153 384 3208 Dum
401 3159 495 3223 parat,
510 3194 516 3207 .
530 3195 556 3208 ..
918 3203 930 3214 .

312 3241 445 3298 Contorte
462 3243 541 3315 ripae
557 3243 683 3313 pendens
701 3241 824 3310 affigitur
840 3241 929 3295 hasta.

311 3329 363 3384 Hic
381 3331 491 3386 hostem
510 3333 625 3387 orbatus
648 3331 703 3384 telo
721 3327 903 3398 complecitur
919 3329 991 3386 ulnis

311 3418 530 3489 Luctantemque
548 3420 620 3476 vado
637 3416 777 3490 permixta
794 3421 885 3472 morte
907 3421 1027 3473 coercet.

87 3537 209 3606 ‘Ennii
230 3561 361 3604 versum
383 3543 461 3610 2582

312 3641 394 3696 Alter
410 3661 476 3698 nare
495 3643 589 3712 cupit‚,
608 3643 681 3698 alter
697 3660 822 3714 pugnare
839 3645 1026 3710 paratust...

108 3748 144 3816 in
167 3745 265 3810 simili
287 3747 486 3814 narrationis
509 3771 635 3814 conexu
661 3748 763 3814 fuisse
786 3746 941 3812 credibile
963 3755 1023 3812 est.
1070 3743 1229 3813 Conferas

110 3859 221 3918 autem
243 3857 276 3914 et
291 3848 365 3912 illos
387 3871 502 3916 versus
518 3850 574 3915 lib.
599 3855 648 3935 14,
664 3877 696 3943 v.v
710 3855 783 3920 550.
800 3873 884 3935 sqq„
900 3849 957 3913 ubi
979 3870 1090 3935 pugna
1105 3851 1231 3918 navalis

110 3951 323 4019 describitur:

588 4090 654 4143 Mox
673 4108 721 4143 sue
737 4095 826 4160 ponto

315 4178 491 4250 Singultante
508 4177 601 4235 anima
622 4177 756 4248 propulsa
773 4177 930 4236 refunditur
947 4178 1028 4234 unda.
