3096 4880
383 482 482 538 Sillae.
956 479 1083 535 midias.

166 603 205 658 Et
222 603 355 658 Rutulum
377 619 477 674 magno
496 607 620 660 errantes
642 603 696 658 cla·
755 601 916 670 Quaesitum
940 605 1076 672 apparent
1093 601 1172 671 signa
1189 601 1283 654 notae·

202 708 280 746 more
296 709 471 762 peregrum,
790 707 842 758 que
859 689 977 757 pedum:

167 778 258 833 Vicini
281 781 316 834 ad
343 781 419 850 ripas
448 779 528 834 fluvii
551 777 697 832 manifeste
755 777 875 833 Ventum
903 781 962 832 erat
995 777 1031 830 ad
1057 777 1141 846 ripae.
1175 775 1283 828 inerant

200 871 353 936 sequuntur
791 863 910 933 vestigia
927 864 995 932 ripis
1009 904 1016 916 .
1029 903 1035 917 .
1049 906 1055 917 .

165 952 250 1022 Signa
274 955 393 1025 pedum,
420 955 541 1026 dumque
569 953 643 1007 inter
666 969 697 1007 se
755 951 894 1006 Sustinuit
919 951 1019 1006 tacitas
1046 951 1171 1006 conscius
1195 949 1284 1004 amnis

200 1042 347 1110 mirantur,
366 1043 401 1097 ab
420 1044 477 1097 alto
791 1057 876 1108 aquas
888 1080 895 1093 .
908 1080 915 1094 .
930 1079 936 1092 .

144 1128 265 1200 ¹Amnis
298 1147 382 1198 aquas
418 1144 583 1196 cursumque
613 1127 695 1196 rapit.
753 1129 817 1197 Ipsa
835 1128 911 1197 loqui
929 1127 989 1182 visa
1007 1131 1061 1182 est:
1080 1125 1204 1195 „Placidi
1223 1141 1284 1178 sum

201 1221 263 1271 tum
280 1217 392 1272 sedibus
410 1217 473 1270 imis
790 1215 913 1287 nympha
930 1215 1051 1270 Numici:

165 1303 243 1357 Inter
264 1304 403 1360 caeruleae
425 1304 486 1360 visa
509 1307 552 1360 eat
574 1302 696 1358 residere
754 1303 845 1356 Amne
891 1320 1013 1373 perenne
1064 1301 1153 1357 latens
1204 1300 1285 1354 Anna

202 1407 313 1448 sorores
657 1463 660 1467 Ι
791 1392 918 1445 Perenna
934 1391 1051 1446 vocor.“

165 1477 291 1548 Sidonis,
317 1483 345 1534 et
367 1479 478 1551 placido
502 1479 624 1535 Teucros
649 1478 697 1532 ad·
756 1478 887 1532 Protinus
915 1479 1013 1532 erratis
1040 1477 1107 1533 laeti
1133 1478 1284 1531 vescuntur

200 1565 287 1620 farier
305 1583 362 1622 ore.
791 1565 821 1618 in
838 1564 922 1633 agris,

165 1653 208 1707 Ex
220 1653 272 1708 illo
283 1654 382 1724 primis
399 1653 464 1709 anni
482 1655 623 1709 celebrata
641 1653 697 1708 die·
756 1653 794 1707 Et
812 1653 953 1707 celebrant
970 1652 1048 1720 largo
1067 1667 1180 1718 remque
1199 1650 1284 1705 diem·

200 1742 255 1796 bus
792 1757 846 1808 que
863 1756 950 1794 mero.

164 1830 218 1884 Per
247 1834 337 1885 totam
360 1829 512 1884 Ausoniam
538 1828 697 1884 venerando

200 1916 315 1970 numine
333 1917 407 1972 culta
425 1920 474 1972 eet.

165 2009 190 2062 9.
223 2007 271 2060 72:
299 2004 438 2074 Solymus:
472 2021 537 2058 nam
567 2003 698 2058 Dardana
757 2003 832 2057 Fast.
851 2005 876 2057 4.
896 2005 942 2058 79:
1206 2055 1208 2058 .

201 2092 282 2164 origo
757 2089 844 2159 Hujus
858 2092 917 2143 erat
926 2089 1053 2158 Solymus
1062 2087 1183 2157 Phrygia
1192 2103 1285 2141 comes

165 2183 203 2238 Et
218 2179 343 2250 Phrygio
367 2196 454 2250 genus
472 2196 489 2233 a
506 2194 621 2248 proavo,
639 2178 696 2246 qui,
790 2196 861 2232 unus
880 2178 915 2232 ab
934 2177 991 2245 Ida,

201 2272 313 2339 sceptra
331 2271 440 2322 secutus
756 2266 781 2319 A
805 2283 859 2334 quo
884 2265 1024 2320 Sulmonis
1047 2264 1158 2318 moenia
1181 2279 1284 2316 nomen

166 2358 286 2424 Aeneae,
305 2356 407 2411 claram
426 2355 513 2409 muris
531 2353 696 2410 fundaverat
791 2353 902 2408 habent.

201 2445 301 2499 urbem

167 2533 211 2587 Ex
242 2549 303 2587 sese
328 2530 433 2584 dictam
456 2529 600 2598 Solymon:
627 2530 698 2584 cele·

202 2623 285 2675 brata
302 2617 409 2674 colonis

168 2709 237 2761 Mox
259 2706 338 2761 Italis
359 2705 507 2773 paullatim
530 2704 626 2760 attrito
650 2721 699 2758 no·

204 2794 279 2848 mine
297 2791 400 2847 Sulmo

253 2965 366 3031 Tertio
381 2966 454 3030 loco
470 2963 655 3028 dehusone
671 2961 906 3049 disputandum
922 2971 983 3046 est,
1006 2962 1059 3025 cui
1074 2960 1176 3028 Silius
1192 2961 1287 3047 plura

169 3092 268 3154 quam
280 3066 403 3134 Ovidio
418 3067 550 3131 videtur
562 3066 690 3131 debere.
711 3063 931 3131 Conseruntur
941 3066 1026 3130 enim
1041 3065 1126 3130 inter
1140 3087 1174 3130 se
1188 3063 1286 3128 haec:

385 3203 485 3260 Silina.
952 3202 1096 3263 Lucanas.

170 3314 195 3367 1.
215 3311 274 3367 194.
292 3309 432 3365 Aestifero
444 3310 534 3378 Libye
551 3313 700 3378 torquetur
759 3311 783 3364 9.
802 3309 863 3364 411.
882 3308 977 3364 Tertia
992 3325 1059 3378 pars
1076 3323 1169 3362 rerum
1188 3305 1286 3374 Libye,

206 3399 317 3453 subdita
334 3398 449 3467 Conone,
795 3397 819 3450 si
837 3397 950 3451 credere
967 3395 1057 3450 famae

171 3487 229 3540 Aut
246 3487 344 3557 ingens
361 3486 445 3540 Asiae
463 3487 550 3553 latus,
569 3486 617 3538 ant
634 3501 700 3554 pars
758 3483 862 3538 Cuncta
880 3484 961 3538 velie:
981 3487 1010 3537 at
1022 3481 1046 3538 si
1058 3485 1156 3537 ventos
1169 3481 1287 3535 coelum·

205 3575 289 3627 tertia
306 3573 396 3627 terrie.
793 3589 846 3640 que
865 3572 989 3641 sequaris

757 3661 826 3714 Pars
845 3660 899 3714 erit
916 3659 1053 3727 Europae.

171 3746 250 3802 Nilus
280 3747 383 3802 dicitur
414 3749 501 3802 amnis
531 3749 653 3819 Lageus,
683 3766 700 3802 a
760 3749 783 3803 1.
802 3749 862 3804 684.
882 3747 940 3816 Qua
963 3763 1038 3800 mare
1056 3744 1141 3816 Lagei
1165 3750 1288 3801 mutatur

205 3835 365 3892 Ptolemaeo
384 3853 458 3904 rege,
477 3835 548 3904 Lagi
565 3835 636 3890 filio:
794 3835 904 3906 gurgite
921 3833 987 3899 Nili;

171 3926 195 3979 1.
215 3925 274 3992 196.
294 3924 382 3977 amnis
400 3924 509 3994 Lageus
528 3923 564 3976 ad
583 3926 700 3978 ortus...

172 4014 213 4067 17.
233 4013 293 4067 591.
305 4029 371 4080 pars
383 4010 498 4065 flumina
510 4010 579 4079 Lagi
593 4052 598 4063 .
613 4051 619 4063 .
634 4052 639 4063 .
653 4027 700 4080 pe·

174 4132 176 4136 .
207 4100 311 4155 tebant.

173 4188 230 4242 sive
248 4189 316 4243 ratis
336 4185 426 4255 Lagea
450 4187 499 4240 lib.
519 4189 560 4243 10.
579 4205 603 4240 v.
623 4187 682 4241 321.
