3096 4880
654 282 693 346 81

110 471 231 535 simum
260 470 366 553 locos,
380 501 381 506 ¹
396 468 515 554 quibus
544 466 585 531 de
606 489 740 531 numero
764 467 904 530 militum
933 466 1070 554 singulis
1093 470 1227 554 proeliis

109 593 282 637 caesorum
304 572 431 659 agitur3
455 571 502 636 eis
525 569 610 634 enim
632 569 666 633 in
688 568 786 634 rebus
807 592 848 634 ne
870 591 954 634 unus
976 569 1108 654 quidem
1124 573 1226 658 scrip-

108 684 164 739 tor
187 697 261 741 cum
283 675 387 740 altero
410 673 571 758 congruit.
618 670 685 738 Sed
706 670 787 736 hacc
808 670 976 736 haetenus.

455 963 610 1031 carno
639 964 888 1046 cunarum,

213 1103 263 1168 Dc
284 1103 414 1188 reliquis
435 1101 638 1187 scriptoribus
661 1123 736 1186 quoa
759 1099 860 1166 Silius
886 1103 972 1166 accit
998 1114 1027 1166 et
1048 1104 1130 1189 lepit.

201 1291 383 1375 Postquam
413 1289 557 1355 uidimus
590 1291 697 1375 capite
730 1290 852 1375 primo:
886 1289 1019 1354 Livium
1047 1292 1232 1378 Vergilium

115 1395 316 1476 Homerum,
344 1393 451 1479 capite
480 1393 583 1458 altero
601 1392 765 1474 Ennium,
788 1392 896 1477 eapite
918 1394 1016 1458 tertio
1041 1391 1233 1460 Ciceronem

116 1496 359 1584 Polybiumque
375 1518 431 1562 eos
442 1496 544 1560 fuisse
564 1495 741 1580 scriptores
760 1516 843 1578 quos
855 1493 957 1560 Silius
969 1497 1074 1582 magis
1086 1498 1234 1565 minusve

50 1611 52 1619 '
118 1608 252 1666 secutus
286 1600 344 1682 sit,
376 1607 481 1664 restat
506 1606 544 1661 ut
575 1596 616 1661 de
649 1596 784 1680 reliquis
818 1605 875 1660 aut
902 1598 1009 1682 poetis
1043 1608 1100 1662 aut
1127 1624 1236 1666 rerum

119 1710 287 1788 gestarum
310 1700 526 1787 scriptoribus
549 1698 759 1781 disseramus,
781 1699 838 1782 qui
855 1707 929 1763 ante
944 1697 1061 1764 Silium
1084 1702 1238 1768 vixerunt

120 1814 220 1889 atque
243 1812 301 1868 aut
321 1801 467 1885 eandem,
490 1812 548 1866 aut
570 1801 718 1883 similem,
741 1809 798 1865 aut
821 1801 918 1865 aliam
941 1824 1009 1865 rem
1029 1803 1238 1870 tractandam

121 1907 186 1974 sibi
208 1913 424 1992 sumpserant.
468 1905 544 1969 Hac
565 1913 674 1970 tamen
696 1905 730 1968 in
752 1924 786 1964 re
808 1902 988 1967 cavendum
1010 1914 1077 1988 est,
1103 1929 1143 1971 ne
1166 1930 1238 1974 eam

121 2011 269 2074 ineamus
296 2008 384 2073 viam
410 2030 509 2092 quam
542 2008 637 2071 multi
665 2006 806 2092 ingrcssi
834 2014 911 2070 sunt
939 2007 1001 2071 etsi
1029 2006 1071 2072 ad
1094 2032 1238 2077 summos

123 2135 252 2178 errores
285 2133 356 2176 eam
390 2108 508 2174 ducere
539 2118 679 2176 constat.
722 2109 802 2174 Non
829 2131 903 2172 raro
937 2110 1022 2173 enim
1050 2123 1241 2179 erraverunt

122 2216 272 2280 homines
295 2213 400 2296 docti,
428 2213 514 2277 inter
541 2235 624 2297 quos
652 2212 727 2279 Silii
753 2210 962 2296 potissimum
988 2211 1131 2279 editores
1153 2215 1240 2280 Dra-

123 2316 371 2398 kenborchium‚
393 2314 593 2399 Ernestium‚
616 2314 812 2400 Rupertium
834 2335 1033 2399 quamquam
1056 2318 1178 2403 optime
1201 2317 1241 2383 de

126 2420 210 2488 Silio
231 2418 366 2484 meritos
389 2426 488 2501 atque
511 2415 660 2482 omnibus
683 2416 716 2481 in
732 2415 867 2482 Silianis
890 2419 1136 2500 quaestionibus
1159 2423 1242 2486 miro

124 2521 225 2588 modo
241 2530 389 2587 versatos
405 2519 571 2584 nominare
593 2542 659 2584 uon
675 2516 801 2602 dubito,
824 2519 881 2602 qui
897 2521 1109 2604 comparandi
1132 2523 1242 2589 studio

126 2625 283 2692 commoti
306 2631 363 2688 aut
385 2645 423 2687 ea
445 2630 677 2708 componerent
691 2643 775 2705 quae
790 2621 931 2686 conferri
954 2623 1038 2686 inter
1061 2647 1095 2688 se
1111 2627 1242 2691 omnino

126 2751 194 2794 non
216 2734 372 2813 possunt,
395 2734 453 2789 aut
475 2723 592 2790 idonea
615 2722 657 2789 ad
680 2724 957 2810 comparationem
980 2725 1181 2809 proferentes
1204 2752 1244 2793 ex

128 2832 176 2896 eis
200 2827 431 2895 concluderent
457 2849 569 2892 omnes
597 2828 671 2891 illos
700 2827 878 2912 scriptores
907 2825 996 2912 apud
1018 2850 1102 2911 quos
1126 2831 1246 2895 similia

127 2934 281 3020 legantur
295 2933 402 2997 fontes
425 2951 495 2995 esse
511 2927 596 2992 unde
611 2936 709 3014 poeta
723 2927 887 2995 hausisset
910 2937 942 2993 et
965 2952 1048 3013 quos
1070 2931 1247 2999 imitandos

129 3035 194 3102 sibi
216 3035 452 3121 proposuisset.
497 3031 644 3096 Primum
667 3032 751 3096 enim
774 3031 984 3096 statuendum
1013 3041 1062 3098 est
1089 3035 1145 3099 illo
1166 3043 1248 3100 tem-

130 3160 211 3226 pore
233 3159 299 3222 quo
322 3136 424 3203 Silius
451 3135 536 3199 vixit
563 3133 721 3199 formulas
743 3133 903 3219 quasdam
931 3135 1178 3221 locutionesque
1200 3140 1248 3203 ita

129 3243 164 3306 in
187 3262 283 3306 usum
305 3247 338 3303 et
360 3236 627 3304 consuetudinem
655 3236 783 3300 venisse
806 3244 843 3299 ut
865 3234 906 3299 de
929 3237 1142 3304 similitudine
1164 3242 1248 3305 inter

132 3344 251 3412 Silium
279 3351 312 3407 et
338 3350 468 3427 poetam
497 3340 638 3425 aliquem
660 3338 749 3403 illius
772 3339 930 3424 temporis
960 3339 1180 3407 intercedente
1208 3365 1249 3407 ex

132 3447 179 3512 eis
202 3446 300 3510 rebus
323 3442 448 3528 aliquid
463 3444 546 3508 velle
569 3451 715 3508 statuere
736 3442 958 3527 periculosum
980 3452 1075 3509 esset.
1120 3443 1249 3508 Deinde

133 3547 175 3612 ad
203 3546 289 3612 idem
312 3546 432 3611 erroris
459 3568 561 3632 genus
589 3546 664 3610 illos
690 3545 781 3610 locos
809 3543 995 3610 referendos
1018 3569 1150 3630 censeo,
1177 3548 1250 3630 qui-

134 3651 211 3733 bus,
238 3658 275 3713 ut
304 3647 379 3716 Silii
401 3648 522 3731 fontes,
551 3669 662 3713 omnes
689 3649 719 3711 ei
746 3671 854 3712 rerum
882 3656 1048 3733 gestarum
1073 3649 1250 3733 scriptores

134 3751 315 3818 afferuntur
337 3773 421 3835 quos
437 3749 553 3814 Livius
577 3758 634 3814 ant
649 3748 763 3814 Cicero
787 3751 820 3814 in
842 3751 936 3815 libris
959 3751 1028 3816 suis
1043 3751 1157 3815 crebro
1180 3752 1250 3816 lau·

135 3855 225 3938 dant,
250 3862 306 3918 aut
329 3876 385 3918 eos
409 3852 528 3934 secuti,
559 3861 616 3916 aut
638 3854 849 3937 corrigentes.
896 3850 999 3937 Cujus
1022 3853 1069 3916 rei
1092 3855 1162 3938 jam
1185 3853 1250 3919 duo

135 3956 283 4043 exempla
306 3956 413 4039 attuli,
436 3975 576 4039 quorum
599 3955 690 4039 prius
713 3975 787 4040 pag.
814 3958 865 4022 51.
880 3957 999 4037 -'53.‚
1022 3953 1078 4019 ubi
1103 3953 1253 4022 Coelium

135 4059 368 4145 Antipatrum,
398 4059 535 4124 alterum
558 4079 632 4142 pag.
657 4061 723 4140 72,
751 4056 808 4121 ubi
836 4055 901 4138 Qu.
925 4056 1064 4121 Fabium
1087 4057 1253 4125 Pictorem

136 4160 212 4226 Silii
238 4161 345 4228 fontes
380 4161 481 4226 fuisse
512 4159 639 4243 negavi.
690 4158 821 4240 Quibus
848 4160 981 4224 tertium
1014 4183 1099 4226 nuno
1134 4161 1253 4227 addere

440 4321 453 4358 ,
1034 4267 1050 4318 6
