3096 4880
528 475 624 530 Silius.

313 597 372 650 188.
391 595 498 665 Fagina
514 597 664 665 pampineo
677 600 843 679 spumarury

346 684 447 752 pocula
465 701 545 739 succo
559 726 565 738 .
580 726 586 738 .
601 725 607 737 .

313 771 373 825 182.
391 771 521 840 nulloque
535 788 636 849 ⁸cruore

311 857 421 912 Polluta
461 865 552 914 castus
592 859 841 914 111111101111111

347 946 421 1000 dona

282 1027 286 1036 ’
312 1032 476 1088 Attulit...

1100 475 1226 531 Ouidius.
1264 455 1274 481 ‘

898 596 973 650 Fast.
985 597 1010 652 5.
1023 597 1075 652 522
1129 597 1229 665 pocula
1240 595 1321 664 fagus
1334 602 1430 665 erant;

898 685 965 738 Met.
995 687 1020 741 8.
1054 685 1114 740 669.
1144 684 1335 752 fabricataque
1364 683 1431 752 fago

933 772 1045 840 Pocula,
1064 790 1118 841 qua
1135 789 1201 826 cava
1219 777 1293 840 sunt,
1307 812 1313 824 .
1328 811 1356 824 ..

898 860 964 914 Met.
983 861 1025 916 15.
1045 861 1087 914 96.
1111 859 1149 914 Α1
1170 863 1250 914 vetus
1275 858 1323 912 illa
1342 862 1430 924 aetas,

933 947 978 1002 cui
995 947 1111 1002 fecimus
1129 946 1221 1001 Aurea
1242 963 1345 1001 nomen

934 1075 980 1088 ...
995 1051 1064 1090 ,nec
1081 1034 1183 1102 polluit
1201 1051 1250 1089 ora
1268 1051 1373 1089 cruore.

396 1257 500 1323 Libro
520 1267 636 1324 octavo
658 1259 840 1344 episodium
861 1261 941 1325 satis
963 1260 1097 1345 longum
1117 1259 1252 1323 carmini
1267 1259 1429 1324 intexitur

312 1358 353 1424 de
379 1360 478 1425 Anna
505 1361 665 1448 nympha,
695 1385 779 1446 quae
811 1361 991 1426 Hannibali
1023 1361 1165 1426 Junonis
1194 1364 1289 1447 jussa
1320 1361 1428 1426 affert.

313 1459 417 1548 Cujus
439 1463 602 1550 nymphae
628 1465 698 1528 fata
724 1473 756 1529 et
777 1465 921 1528 fabulam
943 1487 1009 1528 non
1031 1464 1137 1528 minus
1160 1465 1293 1550 copiose
1315 1487 1428 1550 perse·

311 1573 408 1630 cutus
431 1575 481 1632 est
497 1551 639 1632 Ovidius
655 1567 746 1632 Fast.
769 1567 825 1630 lib.
848 1571 880 1650 3,
901 1589 950 1631 vs.
974 1569 1175 1649 aaa—me,
1197 1589 1294 1651 quem
1316 1568 1429 1631 locum

312 1665 413 1732 Silius
441 1677 515 1733 ante
543 1671 656 1736 oculos
682 1669 808 1734 habuit.
853 1667 1012 1734 Conferas
1042 1668 1126 1732 enim
1148 1667 1244 1753 haec,
1267 1692 1351 1754 quae
1375 1691 1427 1735 se-

310 1778 470 1853 quuntur:

470 1945 567 2015 scrius,
586 1947 634 2000 11.
653 1949 678 2000 e.

310 2067 370 2121 104,
389 2066 459 2120 Tum
477 2067 518 2120 sie
535 2067 642 2128 Aeneas
667 2067 741 2122 dulci
759 2085 836 2139 repe·

344 2154 412 2206 titus
432 2170 537 2206 amore:

309 2240 448 2295 Tellurem
474 2241 547 2295 hanc
568 2242 647 2312 jure,
675 2248 740 2298 vota
763 2245 836 2298 inter

344 2331 440 2382 nostra
457 2328 616 2398 frequenter

308 2414 441 2470 Auditam
459 2417 547 2486 vohis,
563 2419 627 2488 juro
645 2423 737 2488 caput,
755 2420 836 2473 Anna

308 2678 368 2732 116.
403 2677 502 2748 Surge,
543 2697 606 2750 age,
642 2681 700 2749 jam
736 2684 836 2750 tacitae

342 2772 471 2834 suspecta
487 2759 604 2822 Lavinia
621 2767 731 2823 fraudes

306 2852 432 2920 Molitur,
445 2854 589 2924 dirumque
601 2855 677 2910 netas
690 2857 835 2912 subcorde

340 2939 456 2995 volutat.

306 3029 366 3082 181.
385 3027 474 3096 Tunc,
498 3034 529 3083 ut
553 3035 611 3084 erat
633 3033 710 3086 tenui
734 3049 834 3103 corpus

342 3115 478 3170 velamine
496 3121 579 3184 tecta,

305 3201 441 3256 Prosiluit
450 3204 553 3272 stratis,
562 3205 714 3275 humilique
725 3225 835 3278 egressa

341 3288 463 3344 fenestra

306 3378 359 3431 Per
381 3378 491 3445 patulos
515 3381 602 3434 currit
622 3382 725 3449 plantis
742 3385 834 3453 perni-

341 3465 419 3519 cibus
438 3483 532 3534 agros;

305 3553 402 3606 Donec
425 3569 542 3606 arenoso
562 3555 612 3622 (sic
633 3553 715 3626 fama)
739 3557 833 3612 Numi·

341 3640 398 3695 cius
416 3639 494 3694 illam

306 3727 435 3798 Suscepit
461 3730 581 3798 gremio,
608 3730 759 3800 vitreisque
786 3734 832 3787 ab·

323 3798 481 3871 'scondidit
499 3819 594 3872 antris.

307 4082 365 4137 193.
380 4080 468 4147 Quum
480 4083 583 4137 nullam
593 4083 738 4141 Aeneadae
748 4087 834 4142 thala·

342 4167 395 4222 mis
413 4167 526 4223 Sidonia
543 4173 625 4239 nacti,

995 1946 1123 2014 Ovidius,
1143 1946 1217 2001 Fast.
1236 1946 1284 2000 lib.
1302 1949 1326 2002 3.

897 2067 956 2121 611.
976 2065 1081 2134 Sensit,
1105 2070 1134 2120 et
1157 2066 1316 2134 adloquitur
1338 2070 1427 2138 trepi-

931 2154 996 2208 dam
1015 2154 1177 2222 Cythereius
1195 2154 1289 2208 heros:

895 2241 959 2296 Flet
998 2245 1093 2296 tamen
1136 2241 1281 2296 admonitu
1321 2247 1428 2311 11101111,

930 2329 1031 2404 Elissa,
1049 2329 1099 2383 tui.

893 2417 983 2486 Anna,
1001 2417 1134 2487 perhanc
1150 2417 1224 2485 juro,
1243 2433 1426 2484 quamquon-

931 2505 995 2559 dam
1012 2503 1108 2558 audire
1126 2505 1235 2558 solebas

886 2591 1034 2664 Tellurem
1051 2590 1109 2646 fato
1127 2593 1305 2661 prosperiore
1324 2593 1393 2646 dari.

894 2681 954 2736 633.
975 2679 1075 2732 Omnia
1096 2679 1250 2748 promittit,
1269 2679 1426 2748 falsumque

929 2767 1045 2822 Lavinia
1062 2767 1160 2822 volnus

894 2855 988 2911 Mente
1005 2856 1110 2925 premit
1132 2855 1230 2923 tacita,
1255 2854 1424 2910 dissimulat·

929 2959 983 3010 que
1000 2942 1131 2997 fremens.

894 3030 954 3087 643.
973 3030 1083 3098 Exsilit,
1096 3036 1125 3084 et
1136 3031 1217 3084 velox
1229 3031 1328 3085 humili
1340 3049 1423 3100 super

929 3135 996 3173 arva
1012 3118 1133 3172 fenestra

894 3206 928 3260 Se
956 3207 1033 3275 jacit.
1065 3207 1196 3260 audacem
1228 3205 1332 3261 fecerat
1358 3208 1420 3275 ipse

928 3295 1022 3349 timor.

870 3457 872 3462 Δ
894 3383 1006 3450 Quaque
1029 3386 1104 3434 metu
1123 3383 1243 3452 rapitur,
1263 3383 1356 3438 tunica
1374 3400 1419 3436 ve·

927 3469 983 3523 lata
1000 3470 1123 3524 recincta

892 3557 997 3624 Currit,
1020 3561 1052 3611 ut
1075 3557 1176 3613 auditis
1199 3560 1297 3613 territa
1321 3559 1421 3614 damna

926 3646 1009 3714 lupis.

892 3733 1026 3801 Corniger
1052 3735 1123 3788 hanc
1156 3733 1263 3802 cupidis
1295 3736 1420 3805 rapuisse

926 3821 1070 3876 Numicius
1088 3821 1170 3875 undis

893 3907 1035 3977 Creditur,
1069 3914 1097 3964 ot
1127 3911 1232 3980 stagnis
1267 3912 1420 3968 occuluisse

927 3997 992 4050 suis.

893 4085 952 4140 649.
980 4084 1091 4139 Sidonis
1117 4086 1223 4141 interea
1242 4104 1342 4157 magno
1367 4089 1422 4142 ela-

928 4191 1006 4226 more
1023 4190 1074 4244 per
1092 4190 1173 4243 agros
