3096 4880
687 323 728 390 57

147 508 317 575 Ciceronis
340 508 380 574 de
402 509 492 574 finib.
516 513 552 594 2,
576 532 646 595 cap.
670 513 722 578 20.
746 529 816 594 par.
841 509 908 577 oa:
932 509 982 574 M.
1005 508 1192 594 Regulum.
1210 557 1217 572 .
1235 558 1268 573 ..

146 636 221 677 curn
248 613 371 699 vigiliis
399 621 432 676 et
458 613 545 677 fame
577 611 802 676 cruciaretur.
821 660 828 676 .
846 661 853 677 .
870 637 893 691 .;
921 612 955 676 in
989 609 1082 697 Calp.
1116 611 1270 676 Pisonem

148 719 198 782 19.
227 719 296 784 436
326 738 385 782 nec
412 713 492 780 mihi
520 715 575 782 ille
604 714 654 780 M.
682 713 830 800 Regulus
858 735 954 798 quem
979 710 1270 800 Carthaginienses
1387 705 1389 712 ¹

147 819 284 884 resectis
313 818 480 906 palpebris
510 817 683 904 inligatum
710 817 744 881 in
770 814 922 880 machina
943 815 1112 902 vigilando
1134 840 1270 882 necave-

147 929 249 984 runt.
266 969 274 986 .
293 971 300 985 .
318 945 343 998 .;
366 917 484 985 deinde
500 917 540 985 de
555 920 609 984 fin.
625 922 656 988 5.
673 924 724 988 27.
741 924 808 987 82:
825 920 882 1004 qui
897 920 931 983 in
946 927 1112 1004 potestate
1125 917 1271 986 hostium

146 1023 272 1109 vigiliis
300 1031 334 1086 et
365 1021 473 1087 inedia
495 1031 631 1088 necatus
658 1030 710 1086 est
737 1020 924 1108 Regulus?;
953 1019 1094 1106 denique
1120 1020 1162 1086 de
1185 1021 1270 1087 offic.

147 1130 178 1194 3.
201 1129 253 1196 27.
279 1129 365 1195 100.:
387 1125 501 1209 itaque
522 1133 592 1190 tum
615 1147 689 1189 cum
711 1121 880 1210 vigilando
903 1124 1102 1190 necabatur.
1171 1175 1178 1190 .
1196 1175 1229 1189 ..

232 1227 309 1293 Hoc
331 1221 435 1314 genus
457 1227 574 1294 mortis
597 1225 699 1294 Silius
722 1249 854 1311 quoque
876 1237 1108 1300 commemorat
1129 1227 1186 1293 lib.
1209 1228 1273 1311 VI,

148 1355 180 1394 v.
202 1334 291 1398 542:
322 1330 586 1415 ...somnisque
611 1328 675 1394 hae
700 1328 817 1394 fraude
845 1330 984 1416 negatis.
1028 1329 1147 1398 Restat
1173 1331 1274 1396 tertia

149 1433 313 1517 narratio,
341 1455 440 1518 quam
467 1431 570 1500 Silius
592 1433 666 1498 loco
688 1431 787 1497 modo
810 1431 946 1497 laudato
968 1457 1000 1498 v.
1023 1437 1097 1502 539.
1112 1439 1193 1520 sqq.
1217 1457 1272 1498 ex-

150 1533 257 1601 hibet:

322 1637 448 1714 Praefixo
466 1639 581 1710 paribus
598 1638 675 1709 ligno
694 1637 873 1694 mucronibus
892 1655 988 1693 omnes

321 1727 473 1780 Armantur
489 1726 609 1780 laterum
627 1729 725 1793 crates,
743 1726 913 1795 densumque
930 1741 982 1796 per
1000 1729 1088 1780 artem

322 1813 439 1868 Texitur
455 1812 714 1882 erectistantisque
732 1831 767 1868 ex
784 1813 883 1868 ordine
900 1811 967 1868 ferri

323 1899 423 1956 Infelix
442 1899 570 1956 stimulus
626 1941 652 1955 ..

152 2039 265 2124 Hujus
286 2061 419 2124 quoque
440 2038 637 2105 narrationis
661 2036 777 2120 Cicero
799 2039 996 2108 mentionem
1017 2039 1096 2105 feeit
1123 2040 1179 2105 illo
1202 2041 1275 2105 loco

153 2143 188 2206 in
219 2141 374 2207 Pisonem
401 2145 451 2210 19.
479 2145 548 2209 436
578 2141 826 2228 ...inligatum
859 2143 893 2206 in
925 2141 1076 2208 machina
1203 2165 1276 2208 eum

153 2249 363 2310 necaverunt.
726 2263 728 2272 ’
917 2259 919 2264 “
1108 2253 1119 2264 ”
1158 2233 1164 2240 ’

239 2345 401 2414 Videmus
416 2346 519 2434 igitur
534 2345 652 2414 Silium
670 2346 733 2412 hae
755 2345 887 2433 quoque'
902 2348 935 2412 in
950 2343 1130 2435 repraeter
1146 2349 1278 2414 Livium

156 2448 348 2516 Ciceronem
370 2472 501 2534 quoque
523 2461 594 2516 esse
617 2458 774 2516 secutum.

242 2559 284 2637 6.,
306 2552 359 2617 Ι)6
386 2551 536 2617 versibus
564 2552 641 2617 libri
664 2553 795 2639 septimi
816 2557 889 2621 219.
913 2577 985 2640 sqq.
1014 2553 1212 2641 disputavit,
1241 2563 1279 2618 ut

157 2679 258 2742 supra
276 2657 346 2741 jam
367 2656 630 2740 commemoravi,
653 2656 819 2740 Muretus,
833 2658 915 2723 Var.
939 2655 1032 2721 Lect.
1055 2657 1111 2722 lib.
1136 2657 1183 2741 II,
1206 2680 1277 2742 cap.

155 2759 256 2827 XIV.
302 2755 406 2843 Cujus
429 2756 530 2822 verba
551 2758 679 2844 integra
705 2757 760 2823 hio
781 2758 917 2824 reddere
939 2759 1050 2838 liceat3
1075 2758 1156 2824 dicit
1178 2761 1279 2824 enirn:

158 2913 165 2928 .
183 2913 191 2928 .
209 2913 216 2928 .
234 2911 241 2926 .
258 2861 362 2926 Libro
378 2860 481 2947 igitur
496 2860 647 2946 septimo,
663 2883 736 2924 curn
754 2860 796 2944 Q.
820 2861 944 2927 Fabius
959 2862 1179 2928 Hannibalem
1194 2862 1280 2928 ludi-

158 2964 286 3030 ficando
302 2973 336 3030 et
351 2960 536 3028 cunctando
559 2971 592 3026 et
607 2961 728 3027 bellum
743 2963 903 3029 trahendo
919 2965 1101 3051 frangeret3
1124 2965 1280 3030 Romani·

158 3091 223 3154 que
249 3067 370 3132 milites
397 3087 528 3150 pugnae
556 3064 645 3130 avidi
673 3074 706 3129 et
732 3066 1006 3132 conserendarum
1033 3090 1107 3131 cum
1128 3067 1281 3134 hostibus

159 3193 314 3237 manuum
335 3167 460 3255 ingenti
483 3165 646 3234 desiderio
670 3169 804 3252 incensi,
826 3168 971 3260 quidque
993 3193 1086 3234 mora
1108 3169 1282 3257 proficere-¹·

158 3285 215 3340 tur
235 3273 433 3354 nescientes,
460 3270 690 3357 imperatorem
713 3293 825 3356 suum,
854 3281 1022 3358 tamquam
1045 3273 1214 3360 ignavum,
1238 3282 1281 3354 et,

160 3371 198 3442 ut
219 3369 382 3442 Horatius
405 3373 567 3458 loquitur,
590 3372 797 3458 inaudacem,
821 3397 948 3441 summa
969 3375 1143 3441 verborum
1166 3377 1281 3440 imino·

160 3478 330 3543 delatione
345 3478 561 3563 increparent,
581 3477 716 3562 jamque
732 3477 862 3544 sublato
878 3478 1019 3568 clamore
1034 3479 1163 3564 injussu
1178 3478 1282 3564 ipsius

161 3604 229 3650 rum
251 3579 428 3668 gerendam
450 3580 817 3646 esse‘vocilerarentur:
840 3581 935 3668 gravi
957 3582 1103 3647 oratione
1118 3569 1283 3644 faubntum

159 3686 292 3750 illorum
307 3671 470 3768 impetum
480 3687 690 3767 repre'ssurus
706 3683 842 3765 Fabius,
865 3681 913 3746 ita
927 3682 1109 3772 exorditur,
1131 3691 1169 3774 ut
1184 3681 1284 3774 dicat,

160 3807 339 3872 numquam
367 3777 437 3850 sibi
451 3775 618 3850 Romanos
647 3773 801 3850 intanto
833 3782 1027 3869 discrimine
1049 3783 1207 3850 summam
1235 3769 1283 3850 re-

161 3913 233 3954 rum
260 3887 443 3954 tradituros
469 3886 588 3969 fuisse,
622 3887 650 3953 si
678 3904 714 3951 se
740 3887 863 3954 talibus
891 3885 1090 3954 clamoribus
1115 3889 1285 3958 turbatum

162 3993 205 4058 iri
227 3989 456 4058 credidissent:

163 4131 239 4200 :pia
251 4132 276 4198 7,
286 4130 357 4199 219.)
376 4126 497 4184 Fervida
510 4127 534 4182 si
546 4124 627 4180 nobis
640 4099 948 4210 corda-abruptumque
959 4132 1106 4198 putassent
1157 4201 1161 4208 ἢ
1221 4132 1225 4143 ”
1258 4105 1260 4112 ,

376 4216 523 4288 Ingenium
542 4219 645 4286 patres,
664 4218 693 4270 et
712 4214 735 4270 si
754 4211 929 4285 clamoribus,
948 4211 1047 4288 inquit,
1100 4227 1103 4234 ⁴
