3096 4880
655 297 696 360 *17

466 583 622 652 CAPUT
648 580 890 651 ALTERUM.

612 721 744 786 &aina

192 929 304 994 Ennii
335 927 466 994 annales
497 926 615 994 Silium
643 926 678 990 in
705 927 848 992 carmine
875 947 934 991 suo
961 926 1160 994 elaborando
1182 929 1240 995 ad-

117 1033 265 1099 hibuisse
299 1028 406 1095 adhuc
440 1029 549 1093 nullus
577 1037 736 1114 quantum
771 1029 838 1094 scio
868 1029 1037 1114 professus
1064 1040 1131 1110 est3
1164 1045 1240 1098 sunt
1320 1015 1322 1022 ,

118 1138 218 1201 etiam
245 1133 303 1217 qui
329 1140 446 1218 negent
474 1129 537 1195 hoc
565 1151 636 1196 esse
665 1132 789 1195 factum
818 1131 1026 1216 (conferatur
1052 1131 1237 1200 Cosackius

117 1241 138 1304 l.
162 1239 183 1302 l.
212 1260 243 1322 p.
274 1237 339 1320 18).
383 1233 500 1319 Neque
525 1234 636 1299 nescio
665 1234 786 1300 multos
804 1217 954 1300 'fortasse
979 1233 1131 1322 dubitare
1162 1259 1241 1300 num

120 1341 222 1406 Silius
244 1337 343 1401 Ennii
358 1336 460 1403 libros
482 1337 610 1423 legerit.
655 1335 679 1402 J
681 1361 733 1401 am
749 1359 849 1423 supra
871 1338 957 1401 enim
972 1338 1065 1424 (pag.
1081 1340 1129 1426 3.)
1152 1361 1239 1405 com-

119 1441 295 1506 memoravi
318 1439 393 1506 Silii
416 1449 523 1504 aetate
545 1461 662 1525 parum
683 1439 813 1504 firmum
834 1449 867 1504 et
881 1448 1007 1504 rectum
1021 1463 1133 1505 eorum
1151 1441 1241 1528 judi-

120 1545 205 1608 cium
227 1565 298 1610 esse
317 1541 501 1628 judicatum
524 1542 582 1625 qui
604 1551 719 1627 poetas
743 1543 945 1627 antiquiores
968 1542 1241 1628 aestimavissent,

121 1655 152 1710 et
173 1646 301 1711 Ennius
325 1645 552 1732 postissimum
576 1667 595 1708 a
617 1644 730 1709 multis
757 1645 845 1710 illius
874 1644 996 1712 saeculi
1022 1645 1130 1730 poetis
1156 1649 1240 1712 scri-

119 1748 337 1834 ptoribusque
352 1745 521 1811 deridetur
536 1756 569 1812 et
584 1746 801 1832 vituperatur.
834 1744 992 1812 Conferas
1008 1748 1242 1814 enim'Horatii

118 1852 214 1936 epist.
237 1850 294 1916 lib.
317 1851 369 1933 Π,
391 1873 442 1936 ep.
465 1850 493 1932 Ι,
516 1874 546 1914 v.
569 1851 620 1917 50.
645 1872 717 1936 sqq.
1115 1853 1117 1858 ’

324 1987 432 2042 Ennius
450 1991 479 2042 et
496 1987 605 2056 sapiens
624 1991 652 2042 et
669 1986 749 2044 fortis
769 1993 796 2043 et
815 1990 885 2043 alter
896 1987 1043 2060 Homerus,

325 2073 364 2129 Ut
383 2074 471 2129 critici
489 2075 592 2143 dicunt,
611 2075 711 2131 leviter
730 2093 825 2131 curare
843 2075 954 2131 videtur

326 2161 385 2230 Quo
402 2163 540 2233 promissa
557 2163 658 2220 cadant
675 2167 705 2219 et
721 2164 829 2219 somnia
847 2163 1034 2232 Pythagoram

122 2283 242 2368 quibus
269 2285 302 2348 in
333 2285 483 2352 versibus
516 2263 597 2354 satis
632 2287 717 2352 inest
750 2285 883 2351 ironiae.
930 2285 1007 2352 Sive
1034 2285 1242 2350 conferantur

119 2387 218 2452 Artis
240 2395 326 2474 poet.
350 2410 465 2455 versus
486 2392 559 2457 259.
582 2410 668 2473 sqq:
1125 2391 1127 2398 ’

888 2567 894 2578 .
906 2567 912 2579 .
923 2567 929 2580 .
941 2531 970 2581 et
986 2524 1061 2580 Enni

325 2615 358 2668 In
376 2632 487 2670 scenam
505 2599 605 2670 missos
624 2634 688 2670 cum
705 2632 806 2684 magno
824 2615 948 2683 pondere
967 2631 1062 2668 versus

324 2703 382 2757 Ant
399 2718 499 2771 operae
518 2703 614 2758 celeris
632 2703 748 2756 nimium
767 2718 887 2770 curaque
905 2701 1034 2756 carentis

325 2790 383 2843 Aut
399 2789 543 2860 ignoratae
560 2792 664 2861 premit
681 2791 749 2845 artis
767 2789 882 2844 crimine
900 2789 984 2858 turpi.

207 2925 282 2991 Nec
293 2925 407 3010 paucis
418 2926 500 2992 locis
508 2926 692 2995 Satirarum
699 2926 827 2992 Ennius
839 2926 1001 2994 similibus
1014 2927 1123 2993 verbis
1135 2950 1243 3014 repre-

115 3027 291 3097 henditur.
336 3027 393 3094 Sic
416 3027 559 3096 Ovidius
581 3052 714 3114 quoque
735 3030 850 3096 Amor.
874 3030 969 3113 th.
988 3032 1036 3098 19.
1059 3028 1154 3094 dicit:
1177 3031 1245 3096 En-

110 3137 193 3200 nius
211 3140 283 3196 arte
306 3152 430 3216 carens,
454 3141 487 3196 et
509 3132 598 3218 apud
619 3133 830 3220 Propertium
852 3133 907 3198 lib.
920 3137 958 3216 4,
982 3133 1062 3218 eleg.
1086 3132 1114 3216 Ι,
1137 3158 1168 3198 v.
1192 3140 1242 3203 61.

111 3238 280 3324 legimus:
302 3233 430 3301 Ennius
445 3233 575 3300 hirsuta
597 3236 712 3322 cingat
730 3258 790 3301 sua
813 3234 903 3300 dicta
917 3257 1048 3300 corona.
1092 3235 1244 3301 Necnon

109 3337 292 3408 Martialis
315 3337 372 3423 qui
395 3339 630 3424 epigrammate
652 3343 723 3422 90,’
739 3338 816 3403 libri
837 3339 902 3402 XI.
926 3348 1052 3404 veteres
1075 3346 1190 3423 poetas
1212 3347 1245 3401 et

108 3443 267 3512 Ennium
278 3439 411 3524 quidem
422 3440 485 3506 hoc
500 3464 612 3508 versu:
636 3441 876 3525 Attonitusque
897 3440 995 3527 legis:
1018 3440 1119 3504 terrai
1140 3440 1246 3524 frugi-

107 3546 200 3615 ferai
225 3543 295 3625 (est
317 3542 481 3607 annalium
496 3567 611 3610 versus
632 3547 705 3612 479.
717 3542 871 3608 editionis
886 3543 1084 3628 Vahleniae)
1106 3539 1245 3624 deridet,

108 3653 200 3718 haec
226 3643 342 3706 habet:
372 3645 435 3720 Vis
462 3647 572 3711 imiter
597 3655 724 3712 veteres
748 3643 923 3710 Chrestilla
944 3654 1087 3728 tuosque
1109 3644 1243 3727 poetas?
1266 3707 1274 3722 ,

106 3754 320 3836 Dispeream
346 3746 380 3809 ni
407 3747 471 3811 scis
490 3748 638 3812 ‘mentula
665 3745 746 3831 quid
769 3747 885 3833 sapiat.
905 3747 907 3752 ’
929 3747 975 3811 Et
998 3746 1122 3813 Seneca
1148 3747 1243 3831 epist.
1270 3773 1277 3780 ·

106 3863 164 3941 58⁹
183 3858 217 3922 3.
232 3847 316 3912 haec
338 3846 468 3912 scribit:
490 3872 556 3913 non
577 3848 612 3913 id
634 3873 697 3936 ago
719 3871 806 3914 nunc
819 3847 883 3913 hac
897 3845 1069 3933 diligentia
1082 3857 1120 3911 ut
1135 3859 1244 3914 osten-

106 3963 191 4029 dam
224 3959 390 4039 quantum
416 3958 546 4035 tempus
573 3949 660 4037 apud
687 3949 935 4038 grammaticum
961 3947 1160 4035 perdiderim
1187 3952 1244 4018 sed

107 4079 148 4134 ut
173 4085 218 4130 ex
243 4057 311 4122 hoc
332 4053 498 4140 intelligas
513 4061 673 4138 quantum
696 4050 784 4138 apud
798 4051 942 4118 Ermium
964 4060 997 4118 et
1011 4053 1150 4119 Accium
1173 4077 1244 4118 ver-

106 4173 236 4236 borum
263 4157 349 4225 situs
371 4147 583 4242 occupaverit
605 4177 679 4220 cum
694 4153 782 4239 apud
797 4153 1030 4243 huncquoque
1051 4158 1109 4240 qui
1121 4143 1245 4222 'cotidie

1025 4263 1041 4314 2
