3096 4880
808 290 908 356 36¹

354 462 417 562 24,
441 477 577 543 Paullus
593 477 709 543 consul
729 484 906 563 postquam
920 475 945 544 J
946 498 1085 541 uuonem
1101 497 1185 562 quae
1200 475 1388 541 informem

269 582 400 648 Metelli
420 602 578 646 conversa
599 580 692 644 illum
705 579 839 650 hortata
854 588 925 644 erat
939 588 977 643 11
999 580 1139 667 salutem
1160 579 1241 666 fuga
1261 587 1389 665 peteret

268 683 425 772 gravibus
458 683 567 748 verbis
599 683 795 767 increpavit,
829 683 983 748 ferociter
1014 682 1049 745 in
1080 681 1193 747 hostes
1225 681 1322 746 irruit
1354 691 1389 745 et

267 785 488 854 Hannibalem
514 785 715 872 investigans
741 784 923 850 Acherram
952 783 1115 870 quendam
1143 782 1260 849 caedit.
1309 784 1386 867 Quo

267 889 341 955 loco
368 888 470 956 Silius
497 887 775 973 comparationem
802 912 822 952 a
844 910 923 952 cane
949 886 1101 951 venatica
1126 887 1264 972 petitam
1294 884 1386 952 addit

270 992 319 1058 bis
342 991 474 1076 quidem
496 990 605 1055 verbis
627 989 700 1074 (lib.
725 993 775 1073 10,
797 1012 829 1054 v.
854 991 937 1076 77.)2

455 1127 494 1182 Ut
512 1127 587 1181 canis
606 1126 729 1180 occultos
747 1127 836 1196 agitat
853 1144 916 1180 cum
933 1125 1061 1196 Belgicus
1078 1142 1161 1195 apros

453 1215 625 1283 Erroresque
644 1212 718 1268 ferae
737 1215 835 1268 sollers
853 1231 904 1284 per
921 1214 1001 1270 devia
1018 1231 1109 1269 mersa

452 1301 528 1355 Nare
545 1301 625 1372 legit,
644 1301 784 1370 tacitoque
801 1318 931 1369 premens
949 1301 1068 1372 vestigia
1089 1305 1182 1356 rostro

452 1387 569 1443 Lustrat
586 1387 740 1442 inaccessos
758 1392 908 1443 venantum
925 1389 1055 1460 indagine
1073 1389 1173 1458 saltus3

451 1475 510 1531 Nee
527 1467 615 1544 sistit,
629 1475 693 1544 nisi,
711 1481 878 1544 conceptum
895 1481 1017 1542 sectatus
1035 1475 1158 1546 odorem,

454 1561 610 1631 Deprendit
628 1562 725 1632 spissis
744 1580 844 1618 arcana
862 1564 964 1619 cubilia
982 1564 1081 1618 dumis.

266 1681 472 1766 Quibuscum
494 1683 644 1750 versibus
667 1706 836 1772 compares
857 1683 959 1749 Ennii
979 1709 1010 1748 v.
1033 1685 1107 1751 344.
1131 1706 1221 1768 sqq.:

466 1819 544 1876 Sicut
561 1821 585 1874 si
603 1819 712 1888 quando
731 1821 830 1875 vinclis
847 1821 974 1877 venatica
990 1821 1072 1875 velox

465 1910 542 1978 Apta
560 1908 632 1964 solet
650 1909 725 1962 canis
742 1907 815 1962 10110
833 1907 921 1964 feram
939 1907 979 1963 sei
996 1925 1063 1962 nare
1080 1907 1172 1978 sagaci

467 1995 569 2064 Sensit,
586 2012 655 2050 voce
673 2012 722 2048 sua
738 1995 822 2049 nictit
838 1995 980 2066 ululatque
997 1994 1038 2050 ibi
1056 1999 1144 2050 acute.

218 2183 220 2186 .
261 2087 385 2182 Exstat
407 2115 472 2180 alia
493 2137 625 2199 quoque
646 2115 848 2199 comparatio
870 2116 948 2181 huie
970 2115 1134 2181 simillima
1156 2111 1245 2200 apud
1264 2111 1382 2180 Silium

264 2219 320 2284 lib.
343 2223 375 2303 3,
397 2243 429 2283 v.
458 2220 543 2301 295,
565 2216 623 2280 ubi
655 2214 696 2280 de
728 2217 875 2286 moribus
908 2216 1127 2284 Gaetulorum
1160 2217 1217 2302 qui
1250 2216 1383 2282 suntin

262 2321 410 2387 exercitu
433 2318 699 2405 Carthaginiensi
722 2321 846 2408 agitur:

431 2441 487 2496 Ceu
504 2439 605 2509 pernix
623 2457 686 2494 01111
704 2441 790 2495 densa
807 2442 885 2513 vagis
903 2442 1050 2497 latratibus
1068 2443 1168 2511 implet

430 2527 555 2583 Venator
572 2527 685 2582 dumeta
702 2527 806 2598 Lacon,
825 2532 874 2583 aut
890 2530 980 2600 exigit
996 2529 1102 2585 Umber

429 2615 503 2670 Nare
522 2632 606 2686 sagax
624 2632 639 2670 e
657 2615 726 2670 ealle
744 2614 816 2670 feras
832 2615 982 2684 perterrita
999 2618 1057 2672 late

429 2703 551 2774 Agmina
573 2702 760 2772 praecipitant
781 2703 909 2758 volueres
932 2702 1081 2758 formidine
1104 2704 1187 2760 cervi.

261 2805 345 2872 Cum
367 2829 445 2872 1010
468 2831 533 2872 non
555 2829 630 2872 raro
652 2805 780 2874 Ennius
803 2816 836 2873 et
858 2806 940 2874 Silio
963 2817 996 2873 et
1017 2809 1169 2895 Vergilio
1191 2809 1378 2895 praeiverit,

258 2911 407 2994 —eujus
429 2909 476 2974 rei
503 2909 687 2996 exemplum
715 2933 816 2996 supra
843 2911 939 2975 attuli
965 2934 1041 2998 pag.
1068 2915 1216 2980 32-34.
1243 2910 1377 2977 difficile

258 3020 309 3078 est
337 3010 428 3076 dictu
454 3019 564 3075 utrum
591 3019 723 3078 secutus
755 3013 799 3078 sit
827 3012 939 3080 Silius.
988 3014 1129 3101 Legitur
1155 3014 1240 3078 enim
1266 3013 1378 3080 eadem

259 3115 462 3200 comparatio
496 3114 579 3179 Aen.
613 3113 669 3179 lib.
702 3113 791 3200 XII,
824 3116 973 3183 versibus
996 3120 1067 3185 749.
1092 3139 1179 3201 sqq.,
1209 3117 1296 3183 unde
1322 3118 1376 3182 ille

256 3217 350 3282 loeus
372 3215 427 3280 lib.
451 3221 482 3300 3,
504 3240 534 3280 v.
547 3217 620 3284 295.
643 3217 767 3303 petitus
790 3226 839 3284 est
861 3220 961 3303 (Aen.
986 3223 1036 3303 12,
1058 3243 1089 3283 v.
1103 3222 1210 3306 149.);

428 3335 569 3391 Inclusum
585 3336 672 3392 veluti
691 3338 714 3392 si
733 3339 842 3406 quando
859 3339 890 3393 in
906 3337 1019 3393 flumine
1035 3343 1133 3394 nactus

430 3422 556 3492 00111111,
573 3429 623 3478 aut
639 3424 774 3492 puniceae
791 3428 902 3495 septum
919 3425 1068 3504 formidine
1085 3443 1201 3496 pennae,

397 3577 399 3584 Α
428 3509 552 3566 Venator
570 3528 650 3565 eursu
667 3511 743 3565 cauis
762 3516 790 3566 01
807 3512 954 3567 latratibus
971 3513 1071 3568 instat:

426 3597 476 3654 llle
495 3601 587 3655 autem
604 3598 714 3652 insidiis
733 3603 762 3653 et
778 3599 840 3667 ripa
858 3599 973 3655 10111111
992 3602 1049 3656 alta

426 3685 504 3741 Mille
520 3683 592 3753 fugit
609 3684 766 3754 refugitque
783 3686 853 3741 vias:
872 3690 902 3742 at
918 3686 1027 3742 vividus
1045 3687 1150 3744 Umber

426 3773 528 3828 Haeret
545 3771 624 3826 hians
627 3812 776 3841 ........

341 3878 405 3961 25,
428 3876 520 3944 Inter
542 3897 598 3943 eos
620 3899 703 3963 quos
718 3877 887 3944 Hannibal
909 3880 1086 3947 obtruncat
1106 3882 1278 3949 Telesinus
1300 3883 1373 3968 qui-

257 3979 332 4044 dam
355 3986 416 4064 est,
438 3982 532 4066 cujus
552 3988 692 4044 mortem
707 3978 809 4048 Silius
821 3983 869 4048 sio
891 3982 1048 4050 describit
1062 3986 1135 4070 (lib.
1153 3990 1202 4070 10,
1217 4012 1248 4051 v.
1267 3989 1374 4073 152.)=

461 4082 588 4136 ...dum
606 4101 764 4153 supremam
781 4085 923 4141 Telesinus
941 4088 971 4142 in
988 4106 1069 4143 auras

460 4167 581 4226 Exhalat
598 4171 698 4242 lucem,
717 4175 746 4227 01
764 4173 922 4246 dubitantia
939 4176 1043 4232 lumina
1061 4177 1164 4232 condit.
