3096 4880
695 317 735 382 37

153 503 227 568 Nec
249 525 322 566 raro
346 500 449 568 Silius
472 523 546 566 cum
572 500 613 565 de
642 500 802 566 militibus
830 500 872 565 ab
898 500 1050 568 hostibus
1078 479 1286 566 detruncatis

156 613 269 669 narrat
300 605 464 670 similibus
495 626 575 669 usus
604 612 654 669 est
680 602 801 669 verbis.
846 599 1006 671 Conferas
1039 604 1126 669 enim
1158 602 1214 668 lib.
1238 606 1281 685 2.,

155 731 186 772 v.
212 711 301 776 122:
343 781 350 796 ο
1081 795 1083 800 Α

320 809 449 864 Membra
465 811 540 865 levat
557 827 699 879 parvaque
718 809 813 864 oculos
828 809 888 879 jam
906 810 968 865 lucc
986 813 1116 866 uatmtes

319 897 426 953 Irrorat
444 896 566 951 lacrimis
573 916 580 965 3

154 1000 506 1085 mmaama

451 1125 480 1175 et
497 1121 616 1176 divisum
634 1121 757 1177 humeris
779 1121 869 1192 jacuit
887 1124 984 1192 caput3

155 1228 209 1294 vel
220 1227 277 1292 lib.
289 1229 320 1311 5,
332 1250 362 1292 v.
374 1230 461 1294 416.:

279 1370 285 1384 .
304 1371 310 1384 .
329 1329 423 1384 avulsa
440 1331 484 1383 est
500 1345 565 1382 nam
581 1330 711 1398 protinus
729 1329 805 1384 hosti
824 1327 878 1384 Ore
896 1329 981 1384 simul
998 1328 1093 1386 cervix
1106 1370 1112 1383 .
1125 1369 1154 1385 ..
1217 1399 1219 1406 Ι

154 1433 515 1518 mmmama

351 1554 518 1609 seminecem
536 1556 660 1608 extremo
679 1554 766 1608 vitam
784 1553 932 1610 exhalabat
950 1554 979 1608 in
996 1571 1076 1610 auras

350 1641 494 1696 Murmure
512 1639 644 1697 deficiens
660 1639 718 1710 jam
735 1641 856 1694 Cloelius
874 1657 978 1710 oraque
996 1642 1060 1695 uisu

272 1779 275 1784 .
349 1728 496 1797 Languida
512 1728 561 1782 vix
577 1744 662 1798 aegro
682 1731 710 1782 et
728 1727 813 1784 dubia
831 1727 940 1785 cervice
957 1729 1082 1796 levabat;

152 1835 206 1899 vel
227 1833 284 1900 lib.
299 1837 350 1918 15,
372 1857 404 1898 v.
419 1836 511 1900 469.:

358 1951 447 2020 Hujus
466 1951 603 2008 cervicem
614 1952 713 2022 gladio
732 1953 805 2008 iuter
822 1953 909 2008 verba
925 1969 1076 2023 precesque
1137 1983 1138 1988 κ

344 2029 505 2109 0Amputat;
524 2039 634 2095 absciso
652 2040 790 2096 durabant
807 2057 950 2094 murmura
968 2041 1050 2096 eollo.

154 2142 349 2227 vellib.17‚
371 2168 402 2209 v.
425 2147 516 2212 456.:

377 2235 533 2314 Quaerebat
550 2247 636 2304 miser
653 2248 785 2304 morienti
803 2249 908 2306 lumine
925 2248 1048 2304 fratrem.

157 2350 364 2433 Quibuscum
378 2351 528 2418 versibus
544 2374 713 2439 compares
734 2352 837 2417 Ennii
859 2375 989 2420 versum
1010 2353 1114 2437 (inter
1128 2353 1191 2418 inc.
1209 2352 1275 2418 sed.

154 2454 238 2540 frag'.
260 2456 367 2540 462.):

306 2575 413 2630 Oscitat
430 2575 460 2628 iu
478 2575 583 2644 eampis
601 2579 686 2646 caput
702 2594 718 2630 a
736 2577 844 2631 cervice
861 2576 1001 2631 revulsum

306 2662 541 2732 Semianimesque
558 2662 663 2717 micant
680 2664 754 2718 oculi
771 2664 917 2733 lucemque
934 2665 1087 2733 requirunt.

237 2773 301 2851 26„
325 2765 487 2834 Oratione
510 2766 551 2831 ab
579 2767 768 2834 Hannibale
791 2777 867 2834 ante
893 2791 1038 2855 pugnam
1069 2765 1274 2834 Cannensem

152 2868 273 2934 habita·
298 2869 356 2954 (cf.
384 2869 450 2935 No.
480 2871 547 2956 13.)
580 2870 701 2935 milites
733 2872 899 2956 utrimque
932 2871 965 2936 in
999 2872 1102 2936 aciem
1134 2871 1274 2935 irruunt.

155 2971 259 3058 Cujus
288 2993 419 3058 pugnae
447 2993 592 3037 summus
619 2973 761 3059 impetus
784 2997 803 3038 a
825 2972 909 3040 Silio
932 2998 962 3038 v.
986 2972 1139 3056 310.‚lib.
1161 2975 1193 3040 9.
1216 2971 1274 3036 de-

154 3075 318 3161 pingitur3
346 3074 467 3139 milites
498 3074 641 3139 enimin
661 3075 767 3140 vicem
795 3097 830 3140 se
851 3075 1030 3161 pugnaudo
1053 3083 1086 3141 et
1109 3074 1275 3140 caedendo

153 3199 308 3263 superare
336 3185 483 3261 certant,
517 3185 549 3241 et
576 3179 804 3264 unusquisque
838 3177 963 3264 primus
992 3199 1063 3244 esse
1092 3179 1184 3265 eupit
1217 3177 1276 3262 qui

151 3279 281 3346 hostem
303 3288 438 3348 sternat.

303 3401 363 3458 Nec
379 3417 446 3456 vero
464 3402 554 3470 prima
572 3402 602 3456 iu
620 3402 705 3480 tantis
723 3402 902 3456 concursibus
921 3403 1001 3457 hasta

305 3488 368 3544 Ulla
384 3489 450 3542 fuit:
469 3489 589 3544 stridens
607 3475 719 3544 nimbus
739 3494 862 3546 certante
879 3491 974 3546 furore

304 3575 434 3631 Telorum
453 3577 536 3631 simul
555 3577 665 3647 effusus,
684 3576 855 3648 cupidaeque
874 3578 981 3632 cruoris

304 3663 377 3717 Hinc
394 3669 477 3733 atque
494 3664 559 3718 hinc
576 3661 684 3719 animae
702 3665 812 3735 gemina
831 3663 954 3720 cecidere
971 3663 1102 3735 procella.

152 3782 311 3868 Sequitur
333 3783 441 3870 ampla
467 3784 569 3852 cledis
592 3785 780 3873 descriptio.
826 3784 882 3850 Ad
904 3807 1002 3869 quam
1021 3783 1170 3848 conferas
1192 3783 1272 3849 haee

151 3887 336 3973 fragmenta
346 3885 448 3949 Ennii
471 3886 517 3970 (v,
539 3891 612 3956 287.
636 3896 669 3953 et
690 3913 721 3952 v.
745 3891 852 3974 288.):

266 4027 270 4038 .
355 3987 465 4041 Hastati
483 3995 618 4060 spargunt
635 3991 739 4058 hastas,
757 3989 790 4054 fit
806 3989 912 4044 ferreus
931 3989 1034 4068 imber3

354 4076 513 4130 Deusautur
531 4078 636 4145 campis
654 4077 798 4132 horrentia
816 4078 872 4132 tela
888 4077 1020 4160 uirorum.
1039 4071 1048 4086 ''

151 4183 239 4248 Nolo
262 4191 372 4248 tamen
401 4182 515 4270 negari
543 4165 702 4268 ejusmodi
725 4204 838 4250 versus
861 4182 895 4248 in
918 4183 1008 4250 nulls
1029 4206 1140 4272 pugne
1162 4183 1271 4248 locum
