<?xml version="1.0" encoding="UTF-8"?>
<!DOCTYPE html PUBLIC "-//W3C//DTD XHTML 1.0 Transitional//EN"
    "http://www.w3.org/TR/xhtml1/DTD/xhtml1-transitional.dtd">
<html xmlns="http://www.w3.org/1999/xhtml" xml:lang="en" lang="en">
 <head>
  <title>
</title>
<meta http-equiv="Content-Type" content="text/html;charset=utf-8" />
  <meta name='ocr-system' content='tesseract 3.04.00' />
  <meta name='ocr-capabilities' content='ocr_page ocr_carea ocr_par ocr_line ocrx_word'/>
</head>
<body>
  <div class='ocr_page' id='page_1' title='image "./decsiliiitalici00wezegoog_0036.png"; bbox 0 0 3096 4880; ppageno 0'>
   <div class='ocr_carea' id='block_1_1' title="bbox 691 249 731 314">
    <p class='ocr_par' dir='ltr' id='par_1_1' title="bbox 691 249 731 314">
     <span class='ocr_line' id='line_1_1' title="bbox 691 249 731 314; baseline 0.025 -1"><span class='ocrx_word' id='word_1_1' title='bbox 691 249 731 314; x_wconf 90' lang='lat'><strong>31</strong></span> 
     </span>
    </p>
   </div>
   <div class='ocr_carea' id='block_1_2' title="bbox 170 435 1122 764">
    <p class='ocr_par' dir='ltr' id='par_1_2' title="bbox 170 435 1122 764">
     <span class='ocr_line' id='line_1_2' title="bbox 170 435 1037 507; baseline -0.005 -15"><span class='ocrx_word' id='word_1_2' title='bbox 170 439 253 507; x_wconf 79' lang='lat'><strong>(563.)</strong></span> <span class='ocrx_word' id='word_1_3' title='bbox 305 435 381 504; x_wconf 85' lang='lat' dir='ltr'><strong>Tela,</strong></span> <span class='ocrx_word' id='word_1_4' title='bbox 400 435 485 502; x_wconf 84' lang='lat' dir='ltr'><strong>viros,</strong></span> <span class='ocrx_word' id='word_1_5' title='bbox 503 451 611 502; x_wconf 88' lang='lat' dir='ltr'><strong>aurum,</strong></span> <span class='ocrx_word' id='word_1_6' title='bbox 630 435 742 502; x_wconf 68' lang='lat' dir='ltr'><strong>abssas,</strong></span> <span class='ocrx_word' id='word_1_7' title='bbox 759 435 891 488; x_wconf 83' lang='lat' dir='ltr'><strong>alimenta</strong></span> <span class='ocrx_word' id='word_1_8' title='bbox 907 437 1037 504; x_wconf 75' lang='lat' dir='ltr'><strong>precatur</strong></span> 
     </span>
     <span class='ocr_line' id='line_1_3' title="bbox 304 521 1122 593; baseline -0.005 -15"><span class='ocrx_word' id='word_1_9' title='bbox 304 525 525 593; x_wconf 87' lang='lat' dir='ltr'><strong>Belligeramque</strong></span> <span class='ocrx_word' id='word_1_10' title='bbox 543 521 630 576; x_wconf 81' lang='lat' dir='ltr'><strong>feram</strong></span> <span class='ocrx_word' id='word_1_11' title='bbox 648 553 682 562; x_wconf 91' lang='lat'>-</span> <span class='ocrx_word' id='word_1_12' title='bbox 693 523 784 578; x_wconf 84' lang='lat' dir='ltr'><strong>victus</strong></span> <span class='ocrx_word' id='word_1_13' title='bbox 802 522 956 590; x_wconf 80' lang='lat' dir='ltr'><strong>conplura</strong></span> <span class='ocrx_word' id='word_1_14' title='bbox 973 522 1122 593; x_wconf 77' lang='lat' dir='ltr'><strong>dedissem,</strong></span> 
     </span>
     <span class='ocr_line' id='line_1_4' title="bbox 170 601 1015 684; baseline -0.009 -14"><span class='ocrx_word' id='word_1_15' title='bbox 170 605 249 684; x_wconf 79' lang='lat'>(577.)</span> <span class='ocrx_word' id='word_1_16' title='bbox 466 649 534 668; x_wconf 89' lang='lat'><strong>....</strong></span> <span class='ocrx_word' id='word_1_17' title='bbox 553 609 690 680; x_wconf 81' lang='lat' dir='ltr'><strong>citiusque</strong></span> <span class='ocrx_word' id='word_1_18' title='bbox 708 611 777 664; x_wconf 86' lang='lat' dir='ltr'><strong>haec</strong></span> <span class='ocrx_word' id='word_1_19' title='bbox 794 609 907 664; x_wconf 83' lang='lat' dir='ltr'><strong>foedera</strong></span> <span class='ocrx_word' id='word_1_20' title='bbox 923 601 1015 664; x_wconf 84' lang='lat' dir='ltr'><strong>victor</strong></span> 
     </span>
     <span class='ocr_line' id='line_1_5' title="bbox 426 697 804 764; baseline 0.003 -15"><span class='ocrx_word' id='word_1_21' title='bbox 426 697 514 764; x_wconf 76' lang='lat' dir='ltr'><strong>Quam</strong></span> <span class='ocrx_word' id='word_1_22' title='bbox 531 698 619 751; x_wconf 92' lang='lat' dir='ltr'><strong>victus</strong></span> <span class='ocrx_word' id='word_1_23' title='bbox 639 698 718 752; x_wconf 78' lang='lat' dir='ltr'><strong>dabIt</strong></span> <span class='ocrx_word' id='word_1_24' title='bbox 736 740 742 751; x_wconf 94' lang='lat'><strong>.</strong></span> <span class='ocrx_word' id='word_1_25' title='bbox 757 741 762 752; x_wconf 94' lang='lat'>.</span> <span class='ocrx_word' id='word_1_26' title='bbox 778 739 804 752; x_wconf 93' lang='lat'><strong>..</strong></span> 
     </span>
    </p>
   </div>
   <div class='ocr_carea' id='block_1_3' title="bbox 131 814 1274 1319">
    <p class='ocr_par' dir='ltr' id='par_1_3' title="bbox 149 814 1274 1196">
     <span class='ocr_line' id='line_1_6' title="bbox 150 814 1271 904; baseline -0.008 -17"><span class='ocrx_word' id='word_1_27' title='bbox 150 823 230 888; x_wconf 82' lang='lat' dir='ltr'><strong>Jam</strong></span> <span class='ocrx_word' id='word_1_28' title='bbox 255 819 439 888; x_wconf 89' lang='lat' dir='ltr'><strong>Vahlenius</strong></span> <span class='ocrx_word' id='word_1_29' title='bbox 466 842 499 904; x_wconf 88' lang='lat' dir='ltr'><strong>p.</strong></span> <span class='ocrx_word' id='word_1_30' title='bbox 522 817 655 892; x_wconf 87' lang='lat' dir='ltr'>LXIII.</span> <span class='ocrx_word' id='word_1_31' title='bbox 680 820 755 903; x_wconf 87' lang='lat' dir='ltr'><strong>jure</strong></span> <span class='ocrx_word' id='word_1_32' title='bbox 781 840 840 884; x_wconf 91' lang='lat' dir='ltr'><strong>suo</strong></span> <span class='ocrx_word' id='word_1_33' title='bbox 867 816 947 892; x_wconf 88' lang='lat' dir='ltr'><strong>mihi</strong></span> <span class='ocrx_word' id='word_1_34' title='bbox 973 817 1098 882; x_wconf 78' lang='lat' dir='ltr'><strong>dixisse</strong></span> <span class='ocrx_word' id='word_1_35' title='bbox 1124 814 1271 882; x_wconf 84' lang='lat' dir='ltr'><strong>videtur:</strong></span> 
     </span>
     <span class='ocr_line' id='line_1_7' title="bbox 151 919 1274 1007; baseline -0.006 -19"><span class='ocrx_word' id='word_1_36' title='bbox 151 922 282 1007; x_wconf 82' lang='lat' dir='ltr'>Quodsi</span> <span class='ocrx_word' id='word_1_37' title='bbox 304 921 431 988; x_wconf 83' lang='lat' dir='ltr'><strong>Ennius</strong></span> <span class='ocrx_word' id='word_1_38' title='bbox 454 942 585 1005; x_wconf 91' lang='lat' dir='ltr'><strong>quoque</strong></span> <span class='ocrx_word' id='word_1_39' title='bbox 608 921 751 1005; x_wconf 77' lang='lat' dir='ltr'><strong>aliquem</strong></span> <span class='ocrx_word' id='word_1_40' title='bbox 764 919 962 989; x_wconf 85' lang='lat' dir='ltr'><strong>Hannonem</strong></span> <span class='ocrx_word' id='word_1_41' title='bbox 984 920 1018 986; x_wconf 90' lang='lat' dir='ltr'><strong>in</strong></span> <span class='ocrx_word' id='word_1_42' title='bbox 1040 940 1118 986; x_wconf 88' lang='lat' dir='ltr'><strong>suos</strong></span> <span class='ocrx_word' id='word_1_43' title='bbox 1140 919 1274 984; x_wconf 87' lang='lat' dir='ltr'><strong>annales</strong></span> 
     </span>
     <span class='ocr_line' id='line_1_8' title="bbox 149 1020 1272 1110; baseline -0.006 -19"><span class='ocrx_word' id='word_1_44' title='bbox 149 1028 324 1108; x_wconf 81' lang='lat' dir='ltr'><strong>intulerat,</strong></span> <span class='ocrx_word' id='word_1_45' title='bbox 352 1025 386 1088; x_wconf 92' lang='lat' dir='ltr'><strong>in</strong></span> <span class='ocrx_word' id='word_1_46' title='bbox 412 1025 483 1108; x_wconf 89' lang='lat' dir='ltr'><strong>ejus</strong></span> <span class='ocrx_word' id='word_1_47' title='bbox 509 1032 650 1088; x_wconf 87' lang='lat' dir='ltr'><strong>mentem</strong></span> <span class='ocrx_word' id='word_1_48' title='bbox 676 1021 830 1088; x_wconf 88' lang='lat' dir='ltr'><strong>videntur</strong></span> <span class='ocrx_word' id='word_1_49' title='bbox 857 1020 1087 1110; x_wconf 80' lang='lat' dir='ltr'><strong>percommode</strong></span> <span class='ocrx_word' id='word_1_50' title='bbox 1109 1020 1272 1106; x_wconf 83' lang='lat' dir='ltr'><strong>quadrare</strong></span> 
     </span>
     <span class='ocr_line' id='line_1_9' title="bbox 149 1131 244 1196; baseline -0.063 0"><span class='ocrx_word' id='word_1_51' title='bbox 149 1131 244 1196; x_wconf 90' lang='lat' dir='ltr'><strong>haec:</strong></span> 
     </span>
    </p>

    <p class='ocr_par' dir='ltr' id='par_1_4' title="bbox 131 1231 1066 1319">
     <span class='ocr_line' id='line_1_10' title="bbox 131 1231 1066 1319; baseline -0.003 -16"><span class='ocrx_word' id='word_1_52' title='bbox 131 1231 133 1235; x_wconf 29' lang='lat'><strong><em>¹</em></strong></span> <span class='ocrx_word' id='word_1_53' title='bbox 169 1251 204 1319; x_wconf 82' lang='lat' dir='ltr'><strong>(v.</strong></span> <span class='ocrx_word' id='word_1_54' title='bbox 222 1249 307 1318; x_wconf 76' lang='lat'>485.):</span> <span class='ocrx_word' id='word_1_55' title='bbox 356 1246 407 1314; x_wconf 73' lang='lat' dir='ltr'><strong>Qui</strong></span> <span class='ocrx_word' id='word_1_56' title='bbox 425 1244 513 1300; x_wconf 84' lang='lat' dir='ltr'><strong>vincit</strong></span> <span class='ocrx_word' id='word_1_57' title='bbox 530 1263 587 1301; x_wconf 91' lang='lat' dir='ltr'><strong>non</strong></span> <span class='ocrx_word' id='word_1_58' title='bbox 606 1251 649 1302; x_wconf 89' lang='lat' dir='ltr'><strong>est</strong></span> <span class='ocrx_word' id='word_1_59' title='bbox 665 1246 756 1301; x_wconf 90' lang='lat' dir='ltr'><strong>victor</strong></span> <span class='ocrx_word' id='word_1_60' title='bbox 771 1246 828 1318; x_wconf 62' lang='lat' dir='ltr'><strong>¹nisi</strong></span> <span class='ocrx_word' id='word_1_61' title='bbox 845 1247 936 1302; x_wconf 87' lang='lat' dir='ltr'><strong>victus</strong></span> <span class='ocrx_word' id='word_1_62' title='bbox 954 1245 1066 1300; x_wconf 85' lang='lat' dir='ltr'><strong>fatetur.</strong></span> 
     </span>
    </p>
   </div>
   <div class='ocr_carea' id='block_1_4' title="bbox 147 1365 1272 1760">
    <p class='ocr_par' dir='ltr' id='par_1_5' title="bbox 147 1365 1272 1760">
     <span class='ocr_line' id='line_1_11' title="bbox 239 1365 1271 1456; baseline -0.008 -18"><span class='ocrx_word' id='word_1_63' title='bbox 239 1375 299 1452; x_wconf 57' lang='lat'><strong>18„</strong></span> <span class='ocrx_word' id='word_1_64' title='bbox 321 1368 425 1434; x_wconf 85' lang='lat' dir='ltr'><strong>Libro</strong></span> <span class='ocrx_word' id='word_1_65' title='bbox 447 1377 566 1452; x_wconf 89' lang='lat' dir='ltr'><strong>quarto</strong></span> <span class='ocrx_word' id='word_1_66' title='bbox 594 1369 720 1434; x_wconf 88' lang='lat' dir='ltr'><strong>decimo</strong></span> <span class='ocrx_word' id='word_1_67' title='bbox 742 1367 845 1436; x_wconf 83' lang='lat' dir='ltr'>Silius</span> <span class='ocrx_word' id='word_1_68' title='bbox 868 1369 1147 1456; x_wconf 79' lang='lat' dir='ltr'><strong>oppugnationem</strong></span> <span class='ocrx_word' id='word_1_69' title='bbox 1170 1365 1271 1454; x_wconf 90' lang='lat' dir='ltr'><strong>Syra-</strong></span> 
     </span>
     <span class='ocr_line' id='line_1_12' title="bbox 150 1470 1271 1558; baseline -0.004 -20"><span class='ocrx_word' id='word_1_70' title='bbox 150 1496 302 1538; x_wconf 90' lang='lat' dir='ltr'><strong>cusarum</strong></span> <span class='ocrx_word' id='word_1_71' title='bbox 321 1479 446 1536; x_wconf 81' lang='lat' dir='ltr'><strong>narrat.</strong></span> <span class='ocrx_word' id='word_1_72' title='bbox 492 1470 587 1554; x_wconf 81' lang='lat' dir='ltr'><strong>Quae</strong></span> <span class='ocrx_word' id='word_1_73' title='bbox 608 1470 688 1536; x_wconf 90' lang='lat' dir='ltr'><strong>urbs</strong></span> <span class='ocrx_word' id='word_1_74' title='bbox 711 1493 785 1535; x_wconf 89' lang='lat' dir='ltr'><strong>cum</strong></span> <span class='ocrx_word' id='word_1_75' title='bbox 808 1473 895 1535; x_wconf 92' lang='lat' dir='ltr'><strong>omni</strong></span> <span class='ocrx_word' id='word_1_76' title='bbox 917 1479 1078 1558; x_wconf 89' lang='lat' dir='ltr'><strong>apparatu</strong></span> <span class='ocrx_word' id='word_1_77' title='bbox 1101 1491 1271 1556; x_wconf 84' lang='lat' dir='ltr'><strong>oppugna-</strong></span> 
     </span>
     <span class='ocr_line' id='line_1_13' title="bbox 149 1561 1272 1660; baseline -0.002 -22"><span class='ocrx_word' id='word_1_78' title='bbox 149 1584 249 1659; x_wconf 73' lang='lat' dir='ltr'><strong>retur,</strong></span> <span class='ocrx_word' id='word_1_79' title='bbox 274 1573 406 1640; x_wconf 85' lang='lat' dir='ltr'><strong>Cimber</strong></span> <span class='ocrx_word' id='word_1_80' title='bbox 427 1561 561 1658; x_wconf 78' lang='lat' dir='ltr'><strong>quidam</strong></span> <span class='ocrx_word' id='word_1_81' title='bbox 588 1571 872 1660; x_wconf 82' lang='lat' dir='ltr'><strong>Syracusanorum</strong></span> <span class='ocrx_word' id='word_1_82' title='bbox 898 1575 1016 1637; x_wconf 88' lang='lat' dir='ltr'><strong>turrim</strong></span> <span class='ocrx_word' id='word_1_83' title='bbox 1042 1571 1193 1637; x_wconf 88' lang='lat' dir='ltr'><strong>incendio</strong></span> <span class='ocrx_word' id='word_1_84' title='bbox 1215 1571 1272 1636; x_wconf 90' lang='lat' dir='ltr'><strong>de-</strong></span> 
     </span>
     <span class='ocr_line' id='line_1_14' title="bbox 147 1673 1231 1760; baseline -0.006 -17"><span class='ocrx_word' id='word_1_85' title='bbox 147 1679 238 1743; x_wconf 88' lang='lat' dir='ltr'><strong>levit.</strong></span> <span class='ocrx_word' id='word_1_86' title='bbox 285 1677 379 1760; x_wconf 77' lang='lat' dir='ltr'><strong>Quae</strong></span> <span class='ocrx_word' id='word_1_87' title='bbox 402 1699 454 1742; x_wconf 90' lang='lat' dir='ltr'><strong>res</strong></span> <span class='ocrx_word' id='word_1_88' title='bbox 476 1676 527 1743; x_wconf 81' lang='lat' dir='ltr'><strong>his</strong></span> <span class='ocrx_word' id='word_1_89' title='bbox 550 1675 660 1740; x_wconf 85' lang='lat' dir='ltr'><strong>verbis</strong></span> <span class='ocrx_word' id='word_1_90' title='bbox 683 1673 881 1740; x_wconf 79' lang='lat' dir='ltr'><strong>describitur</strong></span> <span class='ocrx_word' id='word_1_91' title='bbox 903 1676 950 1760; x_wconf 89' lang='lat' dir='ltr'><strong>(v.</strong></span> <span class='ocrx_word' id='word_1_92' title='bbox 973 1679 1047 1744; x_wconf 85' lang='lat'>305.</span> <span class='ocrx_word' id='word_1_93' title='bbox 1070 1676 1175 1759; x_wconf 82' lang='lat' dir='ltr'><strong>sqq.)=</strong></span> <span class='ocrx_word' id='word_1_94' title='bbox 1228 1705 1231 1713; x_wconf 63' lang='lat'>=</span> 
     </span>
    </p>
   </div>
   <div class='ocr_carea' id='block_1_5' title="bbox 252 1813 1087 2146">
    <p class='ocr_par' dir='ltr' id='par_1_6' title="bbox 252 1813 1087 2146">
     <span class='ocr_line' id='line_1_15' title="bbox 576 1813 938 1884; baseline 0 -18"><span class='ocrx_word' id='word_1_95' title='bbox 576 1853 661 1870; x_wconf 89' lang='lat'>.....</span> <span class='ocrx_word' id='word_1_96' title='bbox 681 1813 810 1884; x_wconf 88' lang='lat' dir='ltr'><strong>lampada</strong></span> <span class='ocrx_word' id='word_1_97' title='bbox 828 1813 938 1868; x_wconf 84' lang='lat' dir='ltr'><strong>Cimber</strong></span> 
     </span>
     <span class='ocr_line' id='line_1_16' title="bbox 319 1899 932 1972; baseline 0.002 -18"><span class='ocrx_word' id='word_1_98' title='bbox 319 1901 440 1970; x_wconf 86' lang='lat' dir='ltr'><strong>Conjicit</strong></span> <span class='ocrx_word' id='word_1_99' title='bbox 457 1903 484 1954; x_wconf 90' lang='lat' dir='ltr'><strong>et</strong></span> <span class='ocrx_word' id='word_1_100' title='bbox 502 1899 583 1954; x_wconf 87' lang='lat' dir='ltr'><strong>lateri</strong></span> <span class='ocrx_word' id='word_1_101' title='bbox 600 1901 687 1954; x_wconf 90' lang='lat' dir='ltr'><strong>telum</strong></span> <span class='ocrx_word' id='word_1_102' title='bbox 705 1901 845 1954; x_wconf 78' lang='lat' dir='ltr'><strong>exitiabile</strong></span> <span class='ocrx_word' id='word_1_103' title='bbox 863 1901 932 1972; x_wconf 83' lang='lat' dir='ltr'><strong>figit.</strong></span> 
     </span>
     <span class='ocr_line' id='line_1_17' title="bbox 296 1988 950 2058; baseline 0 -17"><span class='ocrx_word' id='word_1_104' title='bbox 296 2015 300 2028; x_wconf 72' lang='grc'><em>·</em></span> <span class='ocrx_word' id='word_1_105' title='bbox 320 1989 448 2041; x_wconf 87' lang='lat' dir='ltr'><strong>Pascitur</strong></span> <span class='ocrx_word' id='word_1_106' title='bbox 466 1988 560 2058; x_wconf 90' lang='lat' dir='ltr'><strong>adjuto</strong></span> <span class='ocrx_word' id='word_1_107' title='bbox 579 1989 718 2041; x_wconf 79' lang='lat' dir='ltr'><strong>Volcanus</strong></span> <span class='ocrx_word' id='word_1_108' title='bbox 736 1989 848 2042; x_wconf 88' lang='lat' dir='ltr'><strong>turbine</strong></span> <span class='ocrx_word' id='word_1_109' title='bbox 867 1989 950 2056; x_wconf 86' lang='lat' dir='ltr'><strong>venti,</strong></span> 
     </span>
     <span class='ocr_line' id='line_1_18' title="bbox 252 2075 1087 2146; baseline 0.008 -20"><span class='ocrx_word' id='word_1_110' title='bbox 252 2109 260 2126; x_wconf 87' lang='lat'>.</span> <span class='ocrx_word' id='word_1_111' title='bbox 319 2076 542 2144; x_wconf 83' lang='lat' dir='ltr'><strong>Gliscentemque</strong></span> <span class='ocrx_word' id='word_1_112' title='bbox 560 2077 672 2130; x_wconf 89' lang='lat' dir='ltr'><strong>trahens</strong></span> <span class='ocrx_word' id='word_1_113' title='bbox 690 2075 775 2130; x_wconf 91' lang='lat' dir='ltr'><strong>turris</strong></span> <span class='ocrx_word' id='word_1_114' title='bbox 793 2077 969 2146; x_wconf 87' lang='lat' dir='ltr'><strong>perviscera</strong></span> <span class='ocrx_word' id='word_1_115' title='bbox 986 2075 1087 2133; x_wconf 85' lang='lat' dir='ltr'><strong>labem.</strong></span> 
     </span>
    </p>
   </div>
   <div class='ocr_carea' id='block_1_6' title="bbox 150 2195 1269 2386">
    <p class='ocr_par' dir='ltr' id='par_1_7' title="bbox 150 2195 1269 2386">
     <span class='ocr_line' id='line_1_19' title="bbox 150 2195 1269 2284; baseline -0.002 -20"><span class='ocrx_word' id='word_1_116' title='bbox 150 2199 206 2264; x_wconf 90' lang='lat' dir='ltr'><strong>Ad</strong></span> <span class='ocrx_word' id='word_1_117' title='bbox 228 2221 311 2284; x_wconf 90' lang='lat' dir='ltr'><strong>quos</strong></span> <span class='ocrx_word' id='word_1_118' title='bbox 334 2195 481 2262; x_wconf 88' lang='lat' dir='ltr'><strong>conferas</strong></span> <span class='ocrx_word' id='word_1_119' title='bbox 503 2195 604 2260; x_wconf 83' lang='lat' dir='ltr'><strong>Ennii</strong></span> <span class='ocrx_word' id='word_1_120' title='bbox 626 2219 756 2262; x_wconf 90' lang='lat' dir='ltr'><strong>versum</strong></span> <span class='ocrx_word' id='word_1_121' title='bbox 779 2198 882 2282; x_wconf 88' lang='lat' dir='ltr'><strong>(inter</strong></span> <span class='ocrx_word' id='word_1_122' title='bbox 904 2198 1046 2262; x_wconf 88' lang='lat' dir='ltr'><strong>incertae</strong></span> <span class='ocrx_word' id='word_1_123' title='bbox 1070 2196 1157 2280; x_wconf 87' lang='lat' dir='ltr'><strong>sedis</strong></span> <span class='ocrx_word' id='word_1_124' title='bbox 1179 2197 1269 2284; x_wconf 85' lang='lat' dir='ltr'><strong>frag-</strong></span> 
     </span>
     <span class='ocr_line' id='line_1_20' title="bbox 150 2302 386 2386; baseline -0.017 -20"><span class='ocrx_word' id='word_1_125' title='bbox 150 2310 258 2366; x_wconf 89' lang='lat' dir='ltr'><strong>menta</strong></span> <span class='ocrx_word' id='word_1_126' title='bbox 279 2302 386 2386; x_wconf 80' lang='lat'>472.):</span> 
     </span>
    </p>
   </div>
   <div class='ocr_carea' id='block_1_7' title="bbox 343 2421 1076 2492">
    <p class='ocr_par' dir='ltr' id='par_1_8' title="bbox 343 2421 1076 2492">
     <span class='ocr_line' id='line_1_21' title="bbox 343 2421 1076 2492; baseline 0.003 -18"><span class='ocrx_word' id='word_1_127' title='bbox 343 2437 407 2474; x_wconf 89' lang='lat' dir='ltr'><strong>cum</strong></span> <span class='ocrx_word' id='word_1_128' title='bbox 424 2436 525 2492; x_wconf 82' lang='lat' dir='ltr'><strong>magno</strong></span> <span class='ocrx_word' id='word_1_129' title='bbox 544 2421 663 2490; x_wconf 85' lang='lat' dir='ltr'><strong>strepitu</strong></span> <span class='ocrx_word' id='word_1_130' title='bbox 680 2421 834 2478; x_wconf 89' lang='lat' dir='ltr'><strong>Volcanum</strong></span> <span class='ocrx_word' id='word_1_131' title='bbox 850 2425 948 2478; x_wconf 87' lang='lat' dir='ltr'><strong>ventus</strong></span> <span class='ocrx_word' id='word_1_132' title='bbox 966 2422 1076 2492; x_wconf 83' lang='lat' dir='ltr'><strong>agebat.</strong></span> 
     </span>
    </p>
   </div>
   <div class='ocr_carea' id='block_1_8' title="bbox 150 2541 1269 2733">
    <p class='ocr_par' dir='ltr' id='par_1_9' title="bbox 150 2541 1269 2733">
     <span class='ocr_line' id='line_1_22' title="bbox 150 2541 1269 2632; baseline -0.004 -22"><span class='ocrx_word' id='word_1_133' title='bbox 150 2542 233 2611; x_wconf 88' lang='lat' dir='ltr'><strong>Sunt</strong></span> <span class='ocrx_word' id='word_1_134' title='bbox 262 2551 371 2608; x_wconf 88' lang='lat' dir='ltr'><strong>autem</strong></span> <span class='ocrx_word' id='word_1_135' title='bbox 398 2551 431 2606; x_wconf 92' lang='lat' dir='ltr'><strong>et</strong></span> <span class='ocrx_word' id='word_1_136' title='bbox 459 2543 516 2606; x_wconf 85' lang='lat' dir='ltr'><strong>alii</strong></span> <span class='ocrx_word' id='word_1_137' title='bbox 543 2543 608 2607; x_wconf 89' lang='lat' dir='ltr'><strong>loci</strong></span> <span class='ocrx_word' id='word_1_138' title='bbox 635 2541 723 2632; x_wconf 88' lang='lat' dir='ltr'><strong>apud</strong></span> <span class='ocrx_word' id='word_1_139' title='bbox 750 2543 868 2610; x_wconf 87' lang='lat' dir='ltr'><strong>Silium</strong></span> <span class='ocrx_word' id='word_1_140' title='bbox 894 2543 971 2607; x_wconf 90' lang='lat' dir='ltr'><strong>huic</strong></span> <span class='ocrx_word' id='word_1_141' title='bbox 997 2543 1108 2608; x_wconf 86' lang='lat' dir='ltr'><strong>versui</strong></span> <span class='ocrx_word' id='word_1_142' title='bbox 1136 2542 1269 2613; x_wconf 84' lang='lat' dir='ltr'><strong>similes.</strong></span> 
     </span>
     <span class='ocr_line' id='line_1_23' title="bbox 150 2644 682 2733; baseline -0.004 -22"><span class='ocrx_word' id='word_1_143' title='bbox 150 2647 289 2733; x_wconf 83' lang='lat' dir='ltr'><strong>Legitur</strong></span> <span class='ocrx_word' id='word_1_144' title='bbox 311 2646 396 2710; x_wconf 91' lang='lat' dir='ltr'><strong>enim</strong></span> <span class='ocrx_word' id='word_1_145' title='bbox 417 2644 474 2709; x_wconf 91' lang='lat' dir='ltr'><strong>lib.</strong></span> <span class='ocrx_word' id='word_1_146' title='bbox 496 2649 528 2728; x_wconf 81' lang='lat'><strong>4,</strong></span> <span class='ocrx_word' id='word_1_147' title='bbox 550 2669 581 2710; x_wconf 80' lang='lat' dir='ltr'><strong>y.</strong></span> <span class='ocrx_word' id='word_1_148' title='bbox 605 2650 682 2714; x_wconf 83' lang='lat'><strong>680:</strong></span> 
     </span>
    </p>
   </div>
   <div class='ocr_carea' id='block_1_9' title="bbox 166 2781 1083 3642">
    <p class='ocr_par' dir='ltr' id='par_1_10' title="bbox 166 2781 1083 3642">
     <span class='ocr_line' id='line_1_24' title="bbox 660 2781 1048 2850; baseline -0.003 -15"><span class='ocrx_word' id='word_1_149' title='bbox 660 2783 791 2850; x_wconf 88' lang='lat' dir='ltr'><strong>lucosque</strong></span> <span class='ocrx_word' id='word_1_150' title='bbox 809 2781 911 2836; x_wconf 85' lang='lat' dir='ltr'><strong>effirsus</strong></span> <span class='ocrx_word' id='word_1_151' title='bbox 929 2783 959 2835; x_wconf 90' lang='lat' dir='ltr'><strong>in</strong></span> <span class='ocrx_word' id='word_1_152' title='bbox 977 2782 1048 2834; x_wconf 86' lang='lat' dir='ltr'><strong>altos</strong></span> 
     </span>
     <span class='ocr_line' id='line_1_25' title="bbox 368 2867 1048 2939; baseline 0.001 -19"><span class='ocrx_word' id='word_1_153' title='bbox 368 2867 503 2922; x_wconf 79' lang='lat' dir='ltr'><strong>immissis</strong></span> <span class='ocrx_word' id='word_1_154' title='bbox 521 2869 640 2937; x_wconf 85' lang='lat' dir='ltr'><strong>crepitat</strong></span> <span class='ocrx_word' id='word_1_155' title='bbox 657 2869 746 2923; x_wconf 83' lang='lat' dir='ltr'><strong>victor</strong></span> <span class='ocrx_word' id='word_1_156' title='bbox 763 2869 900 2939; x_wconf 79' lang='lat' dir='ltr'><strong>Volcanus</strong></span> <span class='ocrx_word' id='word_1_157' title='bbox 918 2870 1048 2935; x_wconf 86' lang='lat' dir='ltr'><strong>habenis;</strong></span> 
     </span>
     <span class='ocr_line' id='line_1_26' title="bbox 166 2956 994 3026; baseline -0.002 -14"><span class='ocrx_word' id='word_1_158' title='bbox 166 2959 212 3012; x_wconf 91' lang='lat' dir='ltr'><strong>lib.</strong></span> <span class='ocrx_word' id='word_1_159' title='bbox 231 2959 257 3025; x_wconf 79' lang='lat'><strong>5,</strong></span> <span class='ocrx_word' id='word_1_160' title='bbox 275 2957 340 3012; x_wconf 81' lang='lat'>513:</span> <span class='ocrx_word' id='word_1_161' title='bbox 594 2959 707 3026; x_wconf 88' lang='lat' dir='ltr'><strong>torquet</strong></span> <span class='ocrx_word' id='word_1_162' title='bbox 723 2956 861 3010; x_wconf 87' lang='lat' dir='ltr'><strong>Volcanus</strong></span> <span class='ocrx_word' id='word_1_163' title='bbox 879 2959 994 3012; x_wconf 88' lang='lat' dir='ltr'><strong>anhelos</strong></span> 
     </span>
     <span class='ocr_line' id='line_1_27' title="bbox 420 3041 997 3115; baseline 0.005 -20"><span class='ocrx_word' id='word_1_164' title='bbox 420 3042 488 3096; x_wconf 73' lang='lat' dir='ltr'><strong>Cum</strong></span> <span class='ocrx_word' id='word_1_165' title='bbox 505 3041 614 3098; x_wconf 82' lang='lat' dir='ltr'><strong>fervore</strong></span> <span class='ocrx_word' id='word_1_166' title='bbox 631 3045 729 3115; x_wconf 85' lang='lat' dir='ltr'><strong>globos</strong></span> <span class='ocrx_word' id='word_1_167' title='bbox 745 3043 935 3098; x_wconf 88' lang='lat' dir='ltr'><strong>flammarum.</strong></span> <span class='ocrx_word' id='word_1_168' title='bbox 950 3087 955 3098; x_wconf 94' lang='lat'>.</span> <span class='ocrx_word' id='word_1_169' title='bbox 970 3087 976 3098; x_wconf 95' lang='lat'><strong>.</strong></span> <span class='ocrx_word' id='word_1_170' title='bbox 991 3086 997 3098; x_wconf 94' lang='lat'><strong>.</strong></span> 
     </span>
     <span class='ocr_line' id='line_1_28' title="bbox 168 3125 1074 3202; baseline -0.001 -15"><span class='ocrx_word' id='word_1_171' title='bbox 168 3134 213 3188; x_wconf 89' lang='lat' dir='ltr'><strong>lib.</strong></span> <span class='ocrx_word' id='word_1_172' title='bbox 231 3136 256 3202; x_wconf 84' lang='lat'><strong>9,</strong></span> <span class='ocrx_word' id='word_1_173' title='bbox 275 3133 340 3188; x_wconf 82' lang='lat'>603:</span> <span class='ocrx_word' id='word_1_174' title='bbox 409 3125 414 3134; x_wconf 82' lang='lat'>&#39;</span> <span class='ocrx_word' id='word_1_175' title='bbox 801 3136 952 3201; x_wconf 88' lang='lat' dir='ltr'><strong>pastusque</strong></span> <span class='ocrx_word' id='word_1_176' title='bbox 970 3149 1074 3186; x_wconf 88' lang='lat' dir='ltr'><strong>sonoro</strong></span> 
     </span>
     <span class='ocr_line' id='line_1_29' title="bbox 344 3217 1071 3290; baseline 0.001 -18"><span class='ocrx_word' id='word_1_177' title='bbox 344 3218 419 3288; x_wconf 85' lang='lat' dir='ltr'><strong>Ignis</strong></span> <span class='ocrx_word' id='word_1_178' title='bbox 437 3217 510 3272; x_wconf 84' lang='lat' dir='ltr'><strong>edax</strong></span> <span class='ocrx_word' id='word_1_179' title='bbox 525 3221 609 3273; x_wconf 84' lang='lat' dir='ltr'><strong>rento</strong></span> <span class='ocrx_word' id='word_1_180' title='bbox 626 3235 679 3287; x_wconf 89' lang='lat' dir='ltr'><strong>per</strong></span> <span class='ocrx_word' id='word_1_181' title='bbox 696 3220 906 3290; x_wconf 85' lang='lat' dir='ltr'><strong>propugnacula</strong></span> <span class='ocrx_word' id='word_1_182' title='bbox 922 3219 1071 3274; x_wconf 84' lang='lat' dir='ltr'><strong>fertur...</strong></span> 
     </span>
     <span class='ocr_line' id='line_1_30' title="bbox 345 3306 1073 3378; baseline 0.001 -18"><span class='ocrx_word' id='word_1_183' title='bbox 345 3346 372 3360; x_wconf 87' lang='lat'><strong>..</strong></span> <span class='ocrx_word' id='word_1_184' title='bbox 406 3347 413 3359; x_wconf 91' lang='lat'><strong>.</strong></span> <span class='ocrx_word' id='word_1_185' title='bbox 783 3307 929 3375; x_wconf 89' lang='lat' dir='ltr'><strong>subitoque</strong></span> <span class='ocrx_word' id='word_1_186' title='bbox 946 3325 998 3378; x_wconf 84' lang='lat' dir='ltr'><strong>per</strong></span> <span class='ocrx_word' id='word_1_187' title='bbox 1016 3306 1073 3361; x_wconf 90' lang='lat' dir='ltr'><strong>alta</strong></span> 
     </span>
     <span class='ocr_line' id='line_1_31' title="bbox 343 3392 1024 3470; baseline 0.004 -24"><span class='ocrx_word' id='word_1_188' title='bbox 343 3393 475 3447; x_wconf 74' lang='lat' dir='ltr'><strong>conlucet</strong></span> <span class='ocrx_word' id='word_1_189' title='bbox 493 3393 561 3461; x_wconf 84' lang='lat' dir='ltr'><strong>juga</strong></span> <span class='ocrx_word' id='word_1_190' title='bbox 584 3392 734 3447; x_wconf 84' lang='lat' dir='ltr'><strong>dissultans</strong></span> <span class='ocrx_word' id='word_1_191' title='bbox 753 3394 902 3470; x_wconf 79' lang='lat' dir='ltr'><strong>Vulcanius</strong></span> <span class='ocrx_word' id='word_1_192' title='bbox 925 3395 1024 3462; x_wconf 85' lang='lat' dir='ltr'><strong>ardor3</strong></span> 
     </span>
     <span class='ocr_line' id='line_1_32' title="bbox 171 3479 1083 3550; baseline 0.002 -16"><span class='ocrx_word' id='word_1_193' title='bbox 171 3483 216 3536; x_wconf 90' lang='lat' dir='ltr'><strong>lib.</strong></span> <span class='ocrx_word' id='word_1_194' title='bbox 234 3484 275 3550; x_wconf 83' lang='grc'><strong>17,</strong></span> <span class='ocrx_word' id='word_1_195' title='bbox 293 3483 341 3538; x_wconf 82' lang='grc'><strong>96;</strong></span> <span class='ocrx_word' id='word_1_196' title='bbox 422 3480 448 3532; x_wconf 93' lang='lat' dir='ltr'><strong>It</strong></span> <span class='ocrx_word' id='word_1_197' title='bbox 465 3479 532 3532; x_wconf 90' lang='lat' dir='ltr'><strong>totis</strong></span> <span class='ocrx_word' id='word_1_198' title='bbox 551 3480 664 3536; x_wconf 86' lang='lat' dir='ltr'><strong>inimica</strong></span> <span class='ocrx_word' id='word_1_199' title='bbox 679 3482 739 3536; x_wconf 91' lang='lat' dir='ltr'><strong>lues</strong></span> <span class='ocrx_word' id='word_1_200' title='bbox 758 3501 821 3536; x_wconf 88' lang='lat' dir='ltr'><strong>cum</strong></span> <span class='ocrx_word' id='word_1_201' title='bbox 839 3484 951 3540; x_wconf 87' lang='lat' dir='ltr'><strong>turbiue</strong></span> <span class='ocrx_word' id='word_1_202' title='bbox 969 3483 1083 3546; x_wconf 52' lang='lat' dir='ltr'><strong>castris,</strong></span> 
     </span>
     <span class='ocr_line' id='line_1_33' title="bbox 344 3567 1068 3642; baseline 0.001 -21"><span class='ocrx_word' id='word_1_203' title='bbox 344 3569 436 3635; x_wconf 88' lang='lat' dir='ltr'><strong>Atque</strong></span> <span class='ocrx_word' id='word_1_204' title='bbox 454 3567 586 3622; x_wconf 88' lang='lat' dir='ltr'><strong>alimenta</strong></span> <span class='ocrx_word' id='word_1_205' title='bbox 603 3572 683 3623; x_wconf 88' lang='lat' dir='ltr'><strong>vorat</strong></span> <span class='ocrx_word' id='word_1_206' title='bbox 701 3571 821 3642; x_wconf 87' lang='lat' dir='ltr'><strong>strepitu</strong></span> <span class='ocrx_word' id='word_1_207' title='bbox 838 3567 976 3625; x_wconf 86' lang='lat' dir='ltr'><strong>Volcanus</strong></span> <span class='ocrx_word' id='word_1_208' title='bbox 979 3611 1068 3640; x_wconf 89' lang='grc'>.....</span> 
     </span>
    </p>
   </div>
   <div class='ocr_carea' id='block_1_10' title="bbox 156 3705 1269 3871">
    <p class='ocr_par' dir='ltr' id='par_1_11' title="bbox 156 3705 1269 3871">
     <span class='ocr_line' id='line_1_34' title="bbox 156 3705 1269 3797; baseline -0.002 -26"><span class='ocrx_word' id='word_1_209' title='bbox 156 3707 200 3771; x_wconf 84' lang='grc' dir='ltr'>Ηί</span> <span class='ocrx_word' id='word_1_210' title='bbox 229 3725 341 3773; x_wconf 84' lang='lat' dir='ltr'><strong>versus</strong></span> <span class='ocrx_word' id='word_1_211' title='bbox 374 3705 414 3770; x_wconf 89' lang='lat' dir='ltr'><strong>de</strong></span> <span class='ocrx_word' id='word_1_212' title='bbox 448 3707 565 3772; x_wconf 87' lang='lat' dir='ltr'><strong>castris</strong></span> <span class='ocrx_word' id='word_1_213' title='bbox 598 3707 761 3795; x_wconf 87' lang='lat' dir='ltr'><strong>Syphacis</strong></span> <span class='ocrx_word' id='word_1_214' title='bbox 783 3735 802 3776; x_wconf 92' lang='lat' dir='ltr'><strong>a</strong></span> <span class='ocrx_word' id='word_1_215' title='bbox 825 3709 980 3797; x_wconf 84' lang='lat' dir='ltr'><strong>Scipione</strong></span> <span class='ocrx_word' id='word_1_216' title='bbox 1013 3706 1154 3772; x_wconf 87' lang='lat' dir='ltr'><strong>incensis</strong></span> <span class='ocrx_word' id='word_1_217' title='bbox 1187 3705 1269 3770; x_wconf 87' lang='lat' dir='ltr'><strong>dicti</strong></span> 
     </span>
     <span class='ocr_line' id='line_1_35' title="bbox 158 3814 237 3871; baseline 0 0"><span class='ocrx_word' id='word_1_218' title='bbox 158 3814 237 3871; x_wconf 87' lang='lat' dir='ltr'><strong>sunt.</strong></span> 
     </span>
    </p>
   </div>
   <div class='ocr_carea' id='block_1_11' title="bbox 159 3909 1269 4208">
    <p class='ocr_par' dir='ltr' id='par_1_12' title="bbox 159 3909 1269 4208">
     <span class='ocr_line' id='line_1_36' title="bbox 237 3909 1268 4002; baseline 0.001 -25"><span class='ocrx_word' id='word_1_219' title='bbox 237 3913 296 3993; x_wconf 55' lang='lat'><strong>19„</strong></span> <span class='ocrx_word' id='word_1_220' title='bbox 318 3909 502 3998; x_wconf 83' lang='lat' dir='ltr'><strong>Syracusae</strong></span> <span class='ocrx_word' id='word_1_221' title='bbox 524 3922 633 3978; x_wconf 88' lang='lat' dir='ltr'><strong>autem</strong></span> <span class='ocrx_word' id='word_1_222' title='bbox 657 3916 726 4000; x_wconf 87' lang='lat' dir='ltr'><strong>jam</strong></span> <span class='ocrx_word' id='word_1_223' title='bbox 748 3915 861 3980; x_wconf 89' lang='lat' dir='ltr'><strong>faciles</strong></span> <span class='ocrx_word' id='word_1_224' title='bbox 883 3921 984 4002; x_wconf 91' lang='lat' dir='ltr'><strong>captu</strong></span> <span class='ocrx_word' id='word_1_225' title='bbox 1006 3915 1080 4002; x_wconf 88' lang='lat' dir='ltr'><strong>capi</strong></span> <span class='ocrx_word' id='word_1_226' title='bbox 1101 3934 1168 3977; x_wconf 91' lang='lat' dir='ltr'><strong>non</strong></span> <span class='ocrx_word' id='word_1_227' title='bbox 1190 3934 1268 3998; x_wconf 90' lang='lat' dir='ltr'><strong>pos-</strong></span> 
     </span>
     <span class='ocr_line' id='line_1_37' title="bbox 159 4014 1269 4108; baseline 0.007 -30"><span class='ocrx_word' id='word_1_228' title='bbox 159 4020 229 4078; x_wconf 90' lang='lat' dir='ltr'><strong>sunt</strong></span> <span class='ocrx_word' id='word_1_229' title='bbox 249 4035 319 4078; x_wconf 89' lang='lat' dir='ltr'><strong>cum</strong></span> <span class='ocrx_word' id='word_1_230' title='bbox 341 4015 375 4078; x_wconf 90' lang='lat' dir='ltr'><strong>in</strong></span> <span class='ocrx_word' id='word_1_231' title='bbox 398 4014 516 4080; x_wconf 89' lang='lat' dir='ltr'><strong>castris</strong></span> <span class='ocrx_word' id='word_1_232' title='bbox 538 4016 691 4081; x_wconf 89' lang='lat' dir='ltr'><strong>Marcelli</strong></span> <span class='ocrx_word' id='word_1_233' title='bbox 713 4024 787 4081; x_wconf 90' lang='lat' dir='ltr'><strong>ante</strong></span> <span class='ocrx_word' id='word_1_234' title='bbox 806 4017 921 4083; x_wconf 90' lang='lat' dir='ltr'><strong>urbem</strong></span> <span class='ocrx_word' id='word_1_235' title='bbox 942 4019 1062 4104; x_wconf 86' lang='lat' dir='ltr'><strong>positis</strong></span> <span class='ocrx_word' id='word_1_236' title='bbox 1084 4027 1118 4084; x_wconf 90' lang='lat' dir='ltr'><strong>et</strong></span> <span class='ocrx_word' id='word_1_237' title='bbox 1138 4024 1173 4086; x_wconf 91' lang='lat' dir='ltr'><strong>in</strong></span> <span class='ocrx_word' id='word_1_238' title='bbox 1196 4023 1269 4108; x_wconf 89' lang='lat' dir='ltr'><strong>ipsa</strong></span> 
     </span>
     <span class='ocr_line' id='line_1_38' title="bbox 160 4115 1267 4208; baseline 0.01 -32"><span class='ocrx_word' id='word_1_239' title='bbox 160 4115 233 4179; x_wconf 88' lang='lat' dir='ltr'><strong>urba</strong></span> <span class='ocrx_word' id='word_1_240' title='bbox 263 4117 355 4184; x_wconf 89' lang='lat' dir='ltr'><strong>multi</strong></span> <span class='ocrx_word' id='word_1_241' title='bbox 386 4117 609 4184; x_wconf 82' lang='lat' dir='ltr'><strong>Romanorum</strong></span> <span class='ocrx_word' id='word_1_242' title='bbox 642 4117 894 4203; x_wconf 89' lang='lat' dir='ltr'><strong>Siculorumque</strong></span> <span class='ocrx_word' id='word_1_243' title='bbox 932 4143 1005 4186; x_wconf 88' lang='lat' dir='ltr'><strong>curn</strong></span> <span class='ocrx_word' id='word_1_244' title='bbox 1042 4125 1163 4208; x_wconf 84' lang='lat' dir='ltr'><strong>pugnis</strong></span> <span class='ocrx_word' id='word_1_245' title='bbox 1196 4134 1267 4188; x_wconf 89' lang='lat' dir='ltr'><strong>tum</strong></span> 
     </span>
    </p>
   </div>
   <div class='ocr_carea' id='block_1_12' title="bbox 0 0 1555 4880">
    <p class='ocr_par' dir='ltr' id='par_1_13' title="bbox 0 0 1555 4880">
     <span class='ocr_line' id='line_1_39' title="bbox 0 0 1555 4880; baseline 0 0"><span class='ocrx_word' id='word_1_246' title='bbox 0 0 1555 4880; x_wconf 95' lang='lat' dir='ltr'><strong> </strong></span> 
     </span>
    </p>
   </div>
  </div>
 </body>
</html>
