3096 4880
881 291 922 356 82

343 481 455 544 liceat:
490 476 700 562 Carthaginis
728 475 845 541 Novae
878 476 1078 563 praefectus,
1110 477 1168 560 qui
1195 499 1301 542 arcem
1329 478 1442 542 fortiter

301 570 305 577 ’
342 591 458 647 contra
472 579 638 645 Romanos
661 576 817 663 defendit,
840 578 929 665 apud
948 579 1082 645 Livium
1103 579 1159 644 lib.
1182 584 1235 664 26,
1258 603 1328 666 cap.
1349 583 1397 647 44.
1417 589 1443 642 11

342 683 430 772 apud
452 682 627 770 Polybium
648 681 704 746 lib.
729 685 779 765 10,
802 703 874 766 cap.
897 685 947 765 12,
970 704 1039 768 par.
1056 687 1086 750 2.
1110 692 1144 747 11
1164 683 1221 748 lib.
1246 687 1296 767 10,
1318 705 1385 768 cap.
1401 685 1442 764 15,

341 812 373 875 p.
408 791 437 854 7.
470 787 666 872 saepiusque
698 783 803 869 Mago
838 784 1031 870 appellatur.
1084 782 1210 850 Contra
1242 784 1343 852 Silius
1374 783 1443 846 dicit

339 889 396 954 lib.
421 892 476 972 15,
499 913 529 953 v.
557 892 647 956 232:

762 988 944 1044 1111111111
966 994 1035 1044 erat.

340 1097 447 1180 Quem
462 1095 661 1183 praefectum
678 1116 737 1159 cur
759 1093 861 1160 Silius
882 1117 948 1158 non
969 1094 1148 1180 Magonem
1172 1094 1392 1182 appellaverit,
1411 1101 1442 1155 ut

279 1187 283 1198 ⁵
337 1199 456 1266 Livius
472 1206 504 1262 et
518 1196 693 1284 Polybius,
712 1194 779 1260 dici
793 1204 999 1282 nonpotest3
1022 1195 1105 1260 illud
1119 1206 1229 1262 tamen
1243 1218 1359 1262 nomen
1372 1195 1440 1260 Aris

338 1302 456 1370 Silium
481 1321 522 1364 ex
548 1304 606 1366 suo
632 1298 770 1363 arbitrio
796 1297 946 1364 hausisse
970 1321 1065 1385 nego.
1100 1298 1240 1386 Legitur
1260 1300 1344 1365 enim
1365 1294 1440 1383 apud

337 1404 470 1470 Livium
484 1406 537 1485 26,
559 1424 630 1487 cap.
645 1404 712 1469 49.:
734 1401 860 1465 Arinen
875 1401 1056 1487 praefuisse
1070 1401 1197 1467 Punico
1212 1401 1376 1488 praesidio
1393 1398 1440 1464 de-

336 1507 506 1590 ditumque
534 1503 692 1569 Romanis
719 1503 840 1568 Antias
868 1504 1037 1588 Valerius,
1065 1503 1245 1591 Magonem
1273 1505 1329 1570 alii
1350 1502 1439 1586 scrip-

335 1618 424 1675 tores
446 1606 592 1674 tradunt.
635 1607 735 1671 Hunc
755 1606 881 1671 Arinen
903 1605 1041 1671 eundem
1063 1629 1135 1673 esse
1157 1616 1257 1693 atque
1279 1606 1354 1675 Silii
1366 1604 1440 1670 Arin
1507 1649 1508 1670 1

335 1723 529 1799 persuasum
549 1710 666 1794 habeo,
688 1709 881 1796 praesertim
906 1733 979 1773 cum
1001 1709 1036 1773 in
1057 1708 1226 1777 codicibus
1249 1720 1283 1776 et
1305 1707 1439 1774 Livianis

334 1823 368 1879 et
390 1813 525 1881 Silianis
546 1814 638 1878 varie
658 1810 723 1877 hoc
744 1835 861 1876 nomen
883 1812 1021 1898 legatur,
1065 1810 1241 1897 (Conferas
1255 1810 1439 1899 Rupertium

334 1915 377 1982 ad
405 1916 498 1979 illum
524 1916 646 1980 locum:
676 1915 771 1998 Aris,
800 1914 912 1998 Arris,
942 1915 1081 1998 Armen,
1108 1914 1229 1982 Arines
1253 1925 1287 1980 et
1308 1937 1339 1999 q.
1360 1911 1438 1996 sqq.)

333 2019 451 2104 Neque
466 2028 575 2082 tamen
589 2016 652 2082 hac
674 2040 709 2081 re
728 2015 947 2082 demonstrari
968 2026 1079 2102 potest
1094 2017 1266 2083 Valerium
1280 2017 1438 2083 Antiatem

332 2144 434 2186 unum
461 2141 532 2186 esse
559 2143 599 2184 ex
627 2118 701 2186 Silii
728 2118 886 2185 fontibus
930 2119 1007 2184 Hoc
1033 2120 1118 2184 enim
1144 2142 1219 2185 oum
1246 2143 1306 2208 per
1328 2141 1361 2185 se
1381 2138 1437 2181 non

331 2238 383 2291 est
404 2221 569 2306 credibile,
592 2230 662 2285 tum
685 2223 883 2288 testimoniis
905 2222 1091 2287 confirmari
1112 2246 1178 2288 non
1200 2233 1326 2309 potest3
1349 2222 1436 2286 immo

331 2325 443 2413 potius
466 2323 663 2390 censendum
686 2333 751 2408 est,
780 2347 854 2390 cum
876 2325 996 2390 Livius
1019 2324 1089 2410 ipse
1112 2334 1342 2392 commemoret
1363 2341 1436 2408 quae

331 2428 452 2495 Antias
473 2425 659 2511 tradiderit,
680 2450 722 2492 ex
744 2427 841 2494 Livio
870 2428 1049 2515 sumpsisse
1071 2426 1189 2494 Silium
1211 2429 1293 2497 Aris
1320 2446 1435 2502 nomen,

330 2553 390 2596 nec
411 2526 581 2596 credamus
604 2538 736 2617 oportet
763 2554 804 2596 ex
826 2531 962 2598 Valerio
985 2530 1123 2595 Antiate
1144 2529 1296 2599 hausisse
1318 2529 1434 2598 Silium.

329 2635 415 2700 Tum
436 2631 479 2698 ad
501 2634 777 2719 comparationem
792 2658 858 2699 non
880 2656 955 2698 raro
976 2632 1157 2697 afferuntur
1170 2635 1326 2720 permulti
1341 2630 1434 2698 Grae·
1509 2693 1510 2708 ,

330 2759 444 2802 corum
470 2745 587 2822 poetae
614 2737 709 2823 lyrici
736 2746 769 2801 et
795 2737 931 2822 tragici,
959 2759 1043 2820 quos
1066 2734 1184 2819 Silius,
1207 2736 1358 2821 quamvis
1378 2751 1435 2796 non

330 2837 490 2923 dubitem,
522 2839 602 2923 quin
628 2838 668 2902 de
696 2839 742 2904 eis
770 2839 925 2922 audierit,
957 2848 1046 2902 certo
1073 2847 1182 2903 tamen
1209 2840 1243 2903 in
1273 2831 1435 2907 scribendo

329 2941 471 3007 1111111111
499 2963 559 3006 suo
587 2950 662 3006 ante
690 2943 805 3007 oculos
837 2966 902 3008 non
929 2941 1054 3005 habuit.
1100 2938 1212 3022 Quid?
1241 2939 1333 3026 quod
1357 2930 1436 3023 apud

328 3043 523 3129 Rupertium
554 3053 763 3109 recensentur
794 3067 906 3109 omncs
935 3044 1002 3108 fere
1035 3042 1233 3108 Iudaeorum
1268 3045 1436 3129 scriptores

328 3146 413 3212 sacri
441 3167 617 3231 omnesque
643 3146 788 3211 Hebraei
820 3144 1000 3231 prophetae
1026 3147 1084 3231 qui
1111 3158 1345 3231 comparantur
1369 3161 1435 3207 eum

329 3247 426 3316 Silio!
462 3247 591 3313 Deinde
607 3249 636 3314 si
652 3248 694 3314 ad
710 3250 848 3314 alterum
864 3250 985 3315 erroris
1006 3271 1109 3335 genus
1124 3250 1315 3334 transimus,
1337 3263 1435 3313 nonne

327 3373 516 3437 perversum
538 3360 603 3434 est,
626 3360 803 3437 postquam
825 3351 945 3417 scimus
967 3351 1117 3437 Vergilio
1141 3353 1324 3419 sexcenties
1346 3367 1433 3413 usum

326 3475 398 3520 esse
421 3451 553 3535 Silium,
581 3476 621 3516 ex
651 3454 698 3519 eis
726 3454 807 3519 loeis
835 3453 954 3538 quibus
977 3461 1010 3516 et
1033 3453 1135 3520 Silius
1163 3463 1195 3520 et
1216 3455 1384 3542 Vergilius
1405 3453 1434 3510 et

326 3554 470 3622 Ovidius
491 3555 577 3620 inter
598 3577 634 3621 se
648 3557 865 3639 consentiunt,
888 3554 1091 3640 concludere,
1115 3555 1274 3623 Ovidium
1289 3559 1336 3624 eis
1358 3550 1433 3640 ipsis

324 3658 407 3724 locis
430 3657 607 3746 praeivisse
622 3656 723 3724 Silio?
756 3657 846 3722 Num
861 3658 938 3722 licet
960 3657 1078 3742 dicere,
1102 3658 1129 3724 si
1151 3657 1253 3725 Silius
1275 3670 1308 3724 et
1324 3654 1432 3725 Livius

325 3769 359 3824 et
387 3758 509 3828 Caesar
536 3761 569 3824 in
595 3757 808 3825 describenda
841 3760 952 3845 aliqua
984 3784 1019 3825 re
1052 3770 1237 3846 congruunt
1267 3760 1432 3828 Caesarem

305 3857 492 3930 ’1111111111
519 3873 685 3929 auctorem
711 3885 808 3947 quem
834 3873 966 3932 secutus
989 3865 1033 3930 sit
1056 3872 1168 3949 poeta3
1190 3887 1268 3928 num
1291 3866 1381 3943 licet,
1406 3855 1432 3920 si

324 3966 434 4032 versui
465 3963 591 4033 Siliano
630 3965 753 4033 similes
792 3975 869 4034 111111
904 3989 1018 4032 versus
1052 3965 1189 4030 Homeri
1223 3977 1256 4031 et
1287 3958 1431 4038 Hesiodi,

324 4064 507 4134 Hesiodum
528 4091 589 4155 pro
611 4069 767 4156 primario
788 4070 909 4135 habere
930 4069 1041 4135 fonte?
1087 4067 1190 4154 Cujus
1213 4060 1431 4155 perversitatis

324 4169 428 4236 multa
449 4179 581 4238 exstant
603 4174 766 4259 exempla3
794 4181 924 4258 praeter
946 4173 1003 4236 illa
1025 4194 1126 4236 unum
1148 4171 1290 4239 afferam.
1334 4166 1430 4240 Silius
