3096 4880
555 1188 712 1283 cucur
736 1191 941 1260 nuruum.

480 1326 600 1392 Mutua.
642 1328 805 1414 Verpiliua.
839 1328 1002 1392 Homerus.

270 1515 455 1638 Scripsisse
480 1549 518 1616 C.
542 1551 660 1618 Silium
688 1552 842 1616 Italicum
871 1575 1003 1616 carmen
1032 1575 1127 1616 suum
1155 1551 1195 1616 de
1222 1553 1307 1618 bello

185 1654 310 1723 Punico
341 1655 445 1720 altero
479 1655 685 1740 Imperatore
712 1653 921 1736 DomitianO,
948 1663 1126 1739 postquam
1154 1673 1194 1719 ex
1223 1658 1308 1721 Asia

182 1781 282 1842 quam
310 1781 371 1844 pro
407 1757 541 1822 consule
578 1755 868 1821 administraverat
902 1755 1007 1820 redux
1035 1779 1052 1820 e
1080 1758 1248 1844 republica
1275 1762 1308 1824 in

182 1859 356 1926 honestum
379 1861 484 1924 otium
497 1859 642 1942 secessit,
671 1881 711 1923 ex
727 1857 765 1922 C.
781 1857 882 1922 Plinii
904 1858 1047 1943 epistula
1070 1858 1112 1924 ad
1135 1857 1308 1926 Caninium

181 1963 305 2028 Rufum
327 1963 429 2029 missa
452 1970 590 2047 apparet
620 1962 827 2050 (conferatur
848 1960 948 2025 Plinii
965 1963 1060 2048 epist.
1077 1962 1133 2027 lib.
1150 1963 1226 2047 111„
1251 1968 1307 2051 7.).

181 2036 453 2150 Magnus*autem
465 2065 529 2128 fuit
543 2087 697 2130 numerus
712 2074 883 2151 poetarum
896 2074 928 2128 et
944 2064 1177 2130 historicorum
1186 2066 1307 2132 Roma-

181 2191 300 2232 norum
327 2165 613 2251 Graecorumque‚
643 2167 702 2252 qui
731 2176 806 2232 ante
829 2167 947 2234 Silium
976 2165 1060 2232 hanc
1083 2167 1217 2250 eandem
1240 2193 1307 2233 rem

181 2269 386 2335 tractandam
409 2269 473 2335 sibi
495 2279 717 2356 sumpserant,
740 2269 860 2356 quibus
882 2269 983 2336 Silius
1006 2271 1055 2334 uti
1076 2272 1195 2356 potuit.
1241 2272 1308 2338 Sed

181 2373 239 2436 illa
265 2381 373 2438 aetate
400 2382 529 2437 tantum
557 2373 670 2438 aberat
699 2382 737 2436 ut
765 2372 943 2457 scriptores
971 2382 1098 2440 veteres
1128 2373 1221 2461 digni
1249 2375 1307 2440 ha-

181 2476 335 2540 berentur
357 2476 415 2560 qui
437 2476 634 2562 legerentur,
657 2486 695 2540 ut
711 2475 794 2542 Silio
818 2474 972 2558 aequales
995 2499 1062 2540 non
1082 2477 1307 2562 perferendam

182 2601 254 2644 esse
282 2588 452 2645 censerent
480 2580 610 2645 tristem
644 2588 677 2643 et
706 2580 870 2664 impexam
904 2578 1151 2663 antiquitatem3
1193 2591 1308 2646 contra

22 2689 26 2698 “
76 2678 87 2733 .'
181 2691 296 2768 poetas
330 2691 363 2746 et
384 2681 532 2748 homines
566 2681 683 2748 doctos
717 2680 835 2746 aetatis
864 2678 1056 2745 Hadrianae
1084 2692 1116 2746 et
1143 2685 1201 2768 qui
1234 2708 1308 2748 eum

184 2785 289 2849 secuti
311 2794 388 2850 sunt
409 2785 630 2870 Imperatores
653 2781 840 2866 ubicunque
864 2783 1082 2868 scriptoribus
1111 2787 1307 2871 antiquiori-

182 2887 244 2952 bus
268 2911 367 2972 quam
394 2887 569 2972 plurimam
596 2908 730 2972 operam
755 2883 886 2951 dedisse
916 2895 1054 2951 constat.
1099 2889 1217 2972 Itaque
1240 2915 1306 2956 non

183 2990 302 3053 mirum
323 2988 414 3073 quod
437 2988 539 3056 Silius
566 2989 672 3076 primo
702 2989 775 3053 loco
799 3012 912 3054 eorum
936 2989 1133 3073 scriptorum
1155 2993 1306 3080 vestigiis

181 3092 319 3176 institit,
347 3093 405 3176 qui
433 3092 521 3178 apud
544 3093 697 3178 aequales
724 3092 867 3156 maxima
895 3091 1076 3155 floruerunt
1099 3097 1306 3181 auctoritate,

181 3219 287 3280 neque
315 3196 490 3281 quisquam
517 3194 698 3278 dubitabit,
735 3217 824 3276 cum,
858 3193 1045 3278 quicunque
1074 3206 1150 3280 post
1173 3198 1307 3264 Livium

184 3299 361 3384 scriptores
385 3298 427 3364 ad
449 3322 501 3364 res
524 3297 691 3363 Romanas
713 3297 834 3361 litteris
862 3294 1063 3362 mandandas
1087 3312 1306 3387 accesserunt,

184 3400 337 3468 derebus
354 3402 498 3486 antiquis
514 3402 605 3467 Livii
620 3401 778 3467 historias
797 3422 856 3484 pro
873 3398 1029 3484 primario
1046 3399 1202 3467 haberent
1218 3405 1308 3469 fonte

184 3507 320 3588 ejusque
343 3497 476 3571 annales
504 3506 601 3590 quasi
629 3528 689 3592 pro
718 3503 836 3568 horreo
866 3500 1010 3586 quodam
1038 3501 1194 3569 ducerent
1221 3507 1308 3572 unde

184 3605 226 3670 ad
247 3606 415 3672 libidinem
429 3617 627 3694 promerent,
650 3608 729 3691 quin
746 3606 777 3669 in
794 3605 982 3668 narratione
1005 3627 1114 3669 rerum
1137 3616 1306 3692 gestarum

183 3707 285 3774 Silius
312 3733 443 3793 quoque
471 3711 569 3777 Livio
602 3710 812 3797 potissimum
839 3731 920 3772 usus
949 3707 1007 3790 sit,
1041 3706 1124 3772 duce
1152 3719 1184 3774 et
1213 3716 1308 3796 quasi

181 3810 237 3901 filo
267 3811 332 3895 (sic
354 3811 586 3878 Lachmannus
614 3816 648 3877 in
670 3811 943 3877 commentatione
967 3810 1072 3873 altera
1095 3809 1135 3875 de
1158 3813 1306 3882 fontibus

181 3912 449 3980 historiarum'T.
466 3916 556 3981 Livii
578 3940 653 4002 pag.
671 3920 700 3999 8,
724 3918 751 4000 ἐ.
775 3915 819 3998 5).
866 3913 918 3976 De
941 3910 1003 3976 hae
1025 3921 1135 3979 tamen
1151 3940 1195 4000 re,
1219 3919 1308 3985 etde

138 4033 140 4040 ’
182 4015 246 4081 lide
268 4019 477 4102 potissimum
500 4041 585 4103 quae
601 4019 723 4083 dicitur
737 4017 906 4098 historica,
930 4038 1004 4111 cum
1021 4017 1077 4080 alii
1093 4028 1164 4083 tum
1180 4019 1308 4087 Guilel-

182 4143 254 4184 mus
279 4118 462 4188 Cosackius
485 4123 518 4186 in
541 4122 791 4207 quaestionibus
807 4118 940 4186 Silianis
959 4120 1026 4203 jam
1045 4120 1309 4210 disputaverunt,

181 4223 229 4286 ita
251 4233 289 4287 ut
313 4223 391 4289 haec
413 4249 465 4290 res
489 4224 530 4290 ad
553 4224 715 4310 liquidum
731 4225 891 4312 perducta
914 4244 985 4286 csse
999 4222 1160 4292 videatur.
1200 4228 1309 4311 Quam

1066 4348 1103 4400 1ss
