3096 4880
812 261 854 324 22

273 469 344 531 cap.
370 450 398 528 1,
421 447 449 529 ἓ.
471 447 503 512 4.
525 444 643 510 tradit:
666 444 828 528 „Praetor
849 441 969 532 (Cato)
991 444 1161 510 obtinebat
1188 445 1393 531 provinciam

274 547 478 639 Sardiniam,
506 571 546 612 ex
574 570 641 632 qua
662 555 819 631 quaestor
845 548 1015 634 superiore
1041 556 1189 634 tompore
1211 564 1253 612 ex
1274 548 1392 614 Africa

273 649 433 726 decedens
462 649 504 732 Q.
527 649 671 714 Ennium
701 658 833 736 poetam
862 648 1044 719 deduxerat
1061 703 1069 718 .
1085 700 1095 718 ,.
1111 699 1119 714 .
1136 699 1144 715 .
1162 651 1197 714 .“
1221 647 1394 737 Cognosse

272 753 376 840 igitur
399 774 473 817 oum
495 754 529 817 in
551 751 706 821 Sardinia
732 752 834 818 fuerit
862 755 932 839 ejus
954 753 1081 819 insulae
1104 753 1220 837 situm,
1242 753 1394 838 formam,

273 864 439 941 naturam,
472 856 614 939 incolas,
648 877 760 920 eorum
789 855 948 941 originem
981 854 1137 921 credibile
1168 864 1228 920 est.
1271 854 1395 922 Exstat

274 967 384 1022 autem
406 957 495 1044 apud
516 957 634 1025 Silium
655 957 712 1022 lib.
737 961 793 1040 12,
815 981 847 1021 v.
870 963 942 1028 355.
966 981 1037 1044 sqq.
1059 966 1199 1023 venusta
1221 956 1394 1024 Sardiniae

274 1059 453 1147 descriptio
476 1084 575 1146 quam
602 1060 752 1125 hausisse
775 1058 894 1127 Silium
916 1081 933 1123 e
955 1057 1138 1124 Pausaniae
1159 1059 1244 1125 libro
1266 1059 1393 1126 decimo

273 1162 448 1229 Ernestius
475 1171 584 1249 putat3
614 1186 679 1227 non
707 1162 802 1226 aliter
829 1162 915 1226 enim
940 1162 1129 1250 intellegere
1157 1185 1292 1248 possum
1313 1162 1403 1228 haco-

274 1266 391 1332 verba:
425 1265 491 1350 „de
518 1287 585 1351 qua
610 1265 717 1330 insula
748 1265 841 1330 locus
867 1265 1025 1332 classicus
1053 1272 1103 1331 est
1125 1265 1244 1332 Pausa.
1267 1267 1325 1332 lib.
1347 1266 1394 1350 X,

276 1391 347 1454 oap.
377 1372 426 1437 17.
454 1366 541 1432 unde
567 1377 665 1455 poeta
691 1365 780 1432 haud
810 1365 909 1432 dubie
935 1368 1085 1452 profecit.
1094 1369 1114 1405 “
1162 1368 1261 1435 Hune
1287 1378 1395 1434 autem

275 1495 342 1537 non
362 1472 466 1536 levem
489 1493 560 1537 esse
583 1493 725 1535 errorem
752 1478 899 1554 constat,
921 1479 954 1534 et
980 1471 1082 1536 miror
1103 1469 1397 1557 quod'Rupertius

276 1596 408 1659 quoque
429 1574 487 1638 illa
508 1573 608 1639 verba
623 1573 764 1660 repetiit.
810 1570 935 1638 Contra
948 1569 1092 1638 Ennium
1106 1574 1208 1640 fuisse
1231 1583 1397 1639 auctorem

277 1677 330 1741 cui
353 1671 673 1744 Sardiniae'insulae
694 1675 949 1763 descriptionem
963 1673 1140 1742 debeamus
1163 1699 1278 1743 censeo
1302 1686 1334 1742 et
1357 1701 1397 1741 ex

276 1779 385 1844 Ennio
419 1780 560 1845 fortasse
592 1779 673 1844 haec
706 1772 859 1846 carminis
893 1778 1011 1846 Siliani
1042 1801 1120 1866 pars
1154 1778 1260 1844 fluxit.
1311 1777 1399 1844 Con-

277 1882 425 1947 ferantur
445 1881 495 1946 illi
515 1903 631 1972 qersus
654 1881 695 1946 de
717 1877 872 1948 Sardinia
893 1883 1002 1948 insula
1023 1881 1121 1948 dieti:

313 2019 393 2089 (352.)
430 2018 527 2073 fraude
544 2018 599 2072 loci
616 2022 693 2086 nota,
711 2018 860 2072 tenebrosa
876 2035 928 2087 per
945 2019 1010 2074 avia
1027 2019 1114 2074 saltus
1132 2019 1233 2075 Evolat
1235 2058 1324 2088 .....

314 2106 395 2176 (354.)
432 2105 559 2177 Virgulta
576 2106 682 2175 tegitur
698 2105 771 2158 valle
789 2122 821 2158 ac
838 2104 1033 2160 frondentibus
1050 2107 1166 2174 umbris.

315 2195 396 2264 (371.)
432 2193 487 2248 Sed
504 2193 593 2247 tristis
612 2192 697 2260 coelo,
716 2197 745 2247 et
760 2193 848 2248 multa
864 2192 963 2247 vitiata
979 2194 1090 2264 palude.

315 2282 407 2351 (376.)
432 2280 493 2334 Hoc
510 2280 609 2334 habitu
626 2283 717 2334 terrae
735 2297 882 2335 nemorosa
900 2291 952 2349 per
969 2281 1047 2335 invia
1065 2283 1163 2336 crebro
1176 2323 1182 2336 .
1197 2324 1204 2336 .
1218 2324 1245 2336 ..

285 2381 287 2387 ’
316 2369 397 2440 (380.)
432 2367 514 2422 Haud
531 2385 624 2435 mora;
642 2367 802 2437 prorumpit
819 2368 974 2422 latebris..
989 2407 1016 2422 ..

281 2531 364 2594 quos
386 2531 501 2574 versus
528 2530 697 2594 compares
725 2530 799 2572 oum
825 2507 977 2573 Enniano
1004 2530 1103 2573 versu
1129 2508 1231 2593 (inter
1257 2511 1401 2576 incertae

282 2610 369 2678 sedis
391 2612 475 2698 frag.
498 2635 529 2676 v.
552 2611 657 2695 557.):
1173 2623 1174 2628 ’

296 2708 298 2714 V
322 2733 323 2740 ’
501 2731 639 2786 Silvarum
658 2731 883 2785 saltuslatabras
901 2731 1042 2800 laurosque
1059 2733 1173 2788 lutosas.
1219 2751 1220 2756 ¹

283 2915 284 2920 γ
367 2841 413 2922 8.,
441 2835 598 2903 Omnium
630 2836 750 2900 virium
782 2837 857 2902 nisu
890 2845 1065 2923 postquam
1094 2838 1263 2904 Hannibal
1295 2840 1399 2926 Alpes

282 2941 451 3026 superavit
478 2948 510 3004 et
539 2939 638 3004 ltalia
664 2946 780 3024 patens
809 2948 988 3026 apertaque
1016 2950 1091 3005 ante
1117 2940 1218 3027 pedes
1245 2943 1315 3027 ejus
1339 2952 1399 3026 est,

281 3045 396 3111 Venus
417 3042 575 3110 Romanis
598 3043 667 3110 suis
680 3042 799 3108 timens
822 3051 855 3106 et
877 3041 918 3107 de
940 3043 1085 3128 periculo
1108 3043 1191 3131 ipsis
1213 3045 1400 3111 imminente

283 3147 390 3230 anxia,
406 3146 495 3232 apud
510 3146 534 3211 J
536 3169 630 3211 ovem
644 3143 686 3209 de
700 3144 899 3211 Hannibalis
915 3146 1041 3232 coeptis
1057 3148 1269 3231 conqueritur
1283 3149 1356 3233 (lib.
1369 3153 1400 3232 3,

281 3273 313 3314 v.
336 3251 409 3318 577.
433 3251 532 3335 sqq).
578 3247 687 3331 Quam
714 3247 872 3334 luppiter
899 3249 1090 3316 consolatur
1111 3249 1181 3314 fata
1200 3251 1313 3316 futura
1334 3250 1400 3316 Ro·

282 3374 453 3418 manorum
490 3352 521 3416 ei
549 3352 798 3442 interpretatus.
847 3350 938 3415 Inter
971 3373 1055 3436 quos
1088 3375 1203 3420 versus
1237 3354 1335 3418 etiarn
1367 3353 1402 3417 hi

282 3455 455 3542 leguntur:

302 3611 337 3681 (v.
356 3612 427 3681 590.)
724 3617 726 3622 “
904 3609 1021 3680 Jamque
1039 3611 1100 3680 ipse
1118 3618 1236 3682 creatus,

461 3697 513 3766 Qui
532 3698 656 3752 Poenum
673 3700 788 3751 revocet
805 3697 922 3768 patriae,
939 3697 1076 3770 Latioque
1093 3699 1236 3771 repulsum

425 3807 431 3820 ·
458 3786 531 3841 Ante
550 3802 615 3840 suae
633 3803 727 3839 muros
746 3784 919 3856 Carthaginis
938 3789 1021 3840 exuat
1038 3788 1130 3843 armis.

285 3925 456 3991 Promittit
489 3926 592 4012 igitur
627 3925 785 4012 Juppiter
820 3926 944 3992 Veneri
979 3951 1039 4014 pro
1075 3928 1233 3997 Romanis
1273 3931 1404 4019 roganti

285 4027 448 4095 excidium
479 4026 698 4116 Carthaginis.
744 4028 768 4093 J
770 4053 822 4094 am
850 4051 928 4095 vero
963 4029 1097 4098 Servius
1125 4033 1159 4098 in
1185 4034 1269 4100 Aen.
1293 4036 1326 4119 I,
1353 4039 1403 4104 20.

288 4131 370 4197 hacc
392 4129 547 4205 tradidit:
575 4132 635 4216 „in
662 4131 771 4200 Ennio
795 4134 879 4198 enim
901 4133 1068 4201 inducitur
1091 4135 1248 4222 Juppiter
1270 4139 1406 4224 promit-
