3096 4880
820 295 861 360 66

281 481 502 569 contemptos.
520 481 658 548 nomine
678 479 859 566 appellant,
891 479 1121 545 honestissimo
1151 479 1223 543 loco
1252 486 1285 542 et
1311 480 1405 564 apud

281 587 357 652 illos
372 584 566 667 clarissimo,
588 583 645 648 ubi
659 583 750 648 illius
770 582 875 668 ipsius
890 581 940 646 M.
956 581 1120 664 Marcelli,
1142 581 1287 665 quicum
1303 602 1405 664 quem

281 689 407 774 eripere
433 687 511 751 belli
538 708 576 751 ac
596 685 755 762 victoriae
782 670 853 770 leg'e
880 693 1008 770 posset,
1021 684 1244 781 ⁸,conservavit
1266 705 1305 748 ac
1326 681 1404 746 red-

282 789 378 875 didit,
402 798 512 856 statua
534 803 574 853 ex
597 809 670 852 aere
697 787 795 880 faeta,
808 796 868 870 est,
891 795 1010 871 ...ut,
1037 785 1115 852 dum
1138 786 1237 853 istius
1258 785 1404 854 hominis

281 881 436 956 memoria
457 899 604 956 maneret
619 940 626 954 .
640 939 647 954 .
662 939 690 954 ..

303 1033 306 1040 .
367 991 503 1060 Ceteros
524 993 625 1078 hujus
644 992 721 1056 libri
735 993 827 1058 locos
842 1007 927 1076 quos
949 990 1070 1056 addere
1084 1000 1243 1078 poteram,
1265 1000 1303 1055 ut
1324 1014 1403 1055 nar-

281 1098 451 1164 rationem.
469 1094 511 1160 de
536 1093 745 1160 Archimedis
772 1105 850 1160 nece
879 1093 985 1180 (apud
1008 1094 1126 1162 Silium
1146 1117 1195 1160 vs.
1218 1097 1403 1177 ete-78,

238 1202 241 1206 ’
279 1198 371 1285 apud
400 1189 591 1262 Ciceronem
617 1197 651 1261 in
673 1199 773 1264 Verr.
793 1199 832 1280 4,
859 1199 911 1265 58.
941 1201 1010 1266 131.
1035 1206 1068 1262 61
1088 1196 1130 1261 de
1151 1197 1271 1262 finibus
1293 1199 1325 1280 5,
1348 1199 1401 1263 19.

281 1304 367 1387 ab),
395 1300 507 1384 omisi,
535 1300 613 1386 quia
635 1298 737 1367 Silius
759 1299 794 1364 in
816 1299 863 1364 eis
885 1298 1057 1366 narrandis
1079 1309 1168 1366 certo
1191 1308 1322 1385 praeter
1344 1297 1402 1364 Ci-

283 1426 432 1468 ceronem
459 1402 592 1470 Livium
618 1424 758 1496 quoque,
777 1411 917 1481 seputus
931 1410 990 1468 est.
1034 1402 1149 1470 Unum
1170 1412 1280 1466 tamen
1300 1402 1401 1487 hujus

282 1505 359 1570 libri
381 1507 488 1571 locum
512 1503 631 1571 addere
653 1505 761 1589 liceat,
784 1505 841 1592 qui
863 1513 973 1572 exstat
993 1505 1144 1576 versibus
1165 1510 1239 1574 211.
1263 1528 1351 1590 sqq:

364 1644 423 1712 21,
442 1643 550 1698 Ductor
567 1643 710 1714 Grosphus
727 1648 796 1713 erat,
815 1644 891 1713 cujus
910 1645 1015 1699 caelata
1031 1644 1145 1716 gerebat

442 1731 561 1786 Taurum
572 1749 670 1802 parma
687 1736 794 1788 trucem
805 1749 912 1801 poenae
923 1732 1095 1786 monimenta
1106 1734 1239 1788 vetustae.

441 1820 501 1888 Ille,
517 1819 567 1874 ubi
584 1823 705 1874 torreret
720 1821 852 1888 subjectis
870 1836 989 1888 corpora
1006 1818 1138 1889 flammis,

442 1891 570 1962 Mutabat
587 1906 706 1976 gemitus
725 1906 891 1978 mugitibus3
914 1910 1028 1976 actaque
1046 1924 1126 1962 veras

443 1989 561 2048 Credere
580 1998 640 2049 erat
658 1993 773 2050 stabulis
792 1997 917 2049 armenta
935 1993 1075 2049 effundere
1093 2011 1183 2050 voces.

284 2134 489 2217 Quibuscum
511 2134 662 2200 versibus
684 2139 854 2220 compares
870 2131 1039 2200 Ciceronis
1061 2135 1170 2200 locum
1191 2135 1226 2199 in
1246 2135 1342 2200 Verr.
1366 2139 1397 2216 4,

282 2242 334 2306 33.
358 2241 425 2307 73.:
449 2238 557 2301 ...in
579 2236 699 2320 quibus
722 2236 822 2300 etiam
843 2236 898 2300 ille
919 2237 1038 2301 nobilis
1053 2246 1184 2321 taurus,
1207 2259 1303 2322 quem
1325 2260 1398 2301 cru-

281 2339 469 2407 delissimus
496 2339 639 2404 omnium
666 2348 881 2426 tyrannorum
907 2339 1058 2406 Phalaris
1085 2339 1241 2405 habuisse
1267 2337 1397 2423 dicitur,

281 2464 348 2527 quo
377 2442 472 2508 vivos
499 2441 654 2528 supplicii
681 2463 781 2508 causa
807 2440 978 2508 demittere
1007 2440 1155 2508 homines
1184 2451 1218 2507 et
1249 2442 1398 2526 subjicere

273 2545 440 2629 flammam
461 2544 597 2610 solebat.

365 2650 429 2730 22,
452 2646 555 2714 Libro
578 2647 694 2732 quinto
721 2647 847 2712 decimo
869 2669 918 2713 vs.
943 2650 1109 2716 18.·-128.
1132 2645 1234 2715 Silius
1255 2647 1398 2713 fabulam

282 2748 324 2813 de
352 2748 496 2812 Hercule
522 2771 542 2812 a
569 2748 712 2816 Prodico
745 2758 911 2816 narratam
944 2750 987 2814 ad
1014 2749 1202 2836 Scipionem
1233 2751 1397 2816 transfert.

281 2850 393 2933 ¹Quam
418 2851 564 2916 fabulam
592 2861 728 2916 narrant
754 2850 944 2939 Xenophon
966 2853 1126 2936 Μ6111.2,
1156 2857 1184 2921 1.
1206 2858 1246 2922 21
1272 2875 1343 2938 sqq.
1367 2862 1399 2916 61

284 2951 400 3018 Cicero
415 2951 455 3017 de
471 2953 524 3018 off.
545 2960 572 3037 1,
587 2959 638 3022 32.
657 2958 739 3038 118,
762 2977 803 3018 ex
825 2978 902 3039 quo,
923 2977 997 3019 eum
1012 2955 1245 3042 Xenophontis
1259 2955 1400 3040 vestigia

217 3063 222 3070 '
284 3057 318 3121 in
338 3057 482 3122 carmine
508 3055 633 3122 Siliano
660 3058 751 3122 nulla
777 3066 921 3142 exstent,
948 3058 1028 3142 quin
1050 3058 1153 3126 Silius
1180 3059 1400 3124 narrationem

283 3157 439 3244 hauserit,
460 3183 527 3224 non
548 3158 674 3226 dubito.
1148 3161 1150 3166 ’

367 3266 432 3344 23,
454 3261 583 3328 Deinde
602 3285 678 3328 ¹curn
700 3262 849 3328 versibus
872 3262 928 3327 lib.
953 3265 1004 3346 15,
1028 3266 1192 3340 11.-78.ι

478 3383 589 3438 Tribuit
605 3400 724 3451 namque
741 3384 804 3452 ipsa
820 3383 942 3438 minores

477 3469 535 3522 Hos
553 3471 635 3524 terris
652 3470 760 3525 Natura
776 3471 849 3524 Deo:
873 3470 922 3526 sed
940 3470 1051 3526 foedere
1069 3477 1145 3526 certo

477 3557 634 3626 Degeneres
652 3557 774 3612 tenebris
795 3558 901 3612 animas
919 3558 1061 3613 damnavit
1077 3557 1204 3615 Auernis.

478 3645 524 3711 At,
543 3645 605 3712 quis
624 3644 745 3699 aetherei
764 3648 892 3700 servatur
909 3645 1021 3700 seminis
1041 3650 1126 3714 ortus,

479 3731 554 3785 Coeli
570 3736 652 3802 porta
669 3735 764 3800 patet.
779 3773 785 3785 .
798 3772 824 3787 ..

280 3854 349 3936 jam
367 3850 660 3920 Drakenborehius
676 3852 880 3938 comparavit
894 3853 1002 3918 locum
1018 3851 1197 3938 Ciceronis,
1220 3855 1277 3939 qui
1292 3863 1401 3920 exstat

282 3954 416 4019 Tuscul.
440 3952 524 4042 disp.
549 3958 578 4039 1,
602 3959 652 4024 30.
676 3957 744 4023 121
768 3955 816 4019 ita
836 3955 921 4019 enim
936 3955 1089 4020 censebat
1110 3955 1222 4040 itaque
1242 3957 1400 4023 disseruit

284 4054 481 4142 (Socrates),
504 4056 587 4124 duas
614 4079 686 4126 esse
713 4059 784 4124 uias
807 4057 1014 4145 duplicisque
1041 4081 1157 4126 cursus
1180 4060 1361 4126 animorum
1383 4082 1401 4124 e

284 4179 420 4244 corpore
443 4148 682 4226 excedentium:
713 4185 788 4226 nam
815 4162 873 4244 qui
901 4185 936 4228 se
957 4160 1107 4229 humanis
1130 4161 1220 4228 vitiis
1242 4162 1400 4228 contami-
