3096 4880
706 318 748 382 ss

299 545 305 558 .
320 503 468 558 ...multa
485 502 545 558 dies
564 503 593 556 in
611 501 686 557 bello
704 501 816 557 oonfioit
833 507 916 557 unns:

298 592 337 646 Et
353 608 447 646 rannus
465 591 570 646 multae
587 590 715 644 fortunae
732 589 804 644 forts
822 588 999 644 recumbunt:
1021 660 1023 662 Ι

298 678 520 749 Haudquaquam
538 695 705 748 quemquam
722 689 832 747 semper
848 677 961 732 fortuna
978 684 1073 734 secuta
1090 683 1144 736 est:

167 799 270 888 Apud
292 800 426 866 Livium
452 799 542 864 nulla
570 807 679 864 exstat
701 791 798 863 Fabii
825 799 948 877 orati03
976 798 1067 863 illam
1095 815 1173 867 vero
1199 821 1285 889 quae

167 914 218 968 est
239 901 329 990 apud
356 902 475 970 Silium
501 900 543 967 ad
570 901 825 988 perfectissimos
854 900 929 967 Silii
956 902 1047 970 looos
1070 901 1284 973 adnumeran-

167 1005 244 1072 dam
277 1027 348 1072 esse
380 1006 575 1091 interpretes
608 1013 750 1070 censent.
800 1004 918 1088 Itaque
951 1025 1017 1069 non
1049 1004 1166 1073 dubito
1204 1012 1285 1095 quin

168 1108 347 1174 sententias
369 1108 457 1172 illius
481 1108 640 1197 orationis
662 1107 770 1172 Ennio
794 1105 912 1171 debeat
934 1105 1047 1174 Silius.
1146 1141 1148 1145 ·
1239 1141 1248 1158 =

253 1214 316 1294 22,
338 1209 464 1274 Nuntio
487 1211 645 1275 victoriae
666 1234 686 1274 a
707 1210 868 1275 Marcello
891 1209 934 1274 ad
955 1210 1077 1278 Nolam
1099 1224 1286 1301 reportatae

166 1311 305 1376 Romam
327 1314 440 1397 allato,
463 1316 621 1399 cujusque
649 1311 774 1379 ordinis
801 1311 949 1379 homines
975 1315 1146 1399 psonniam
1170 1341 1309 1383 aurum·

168 1424 356 1481 ornamenta
379 1415 438 1481 sna
459 1417 494 1480 in
516 1417 678 1480 aerarium
694 1415 819 1481 deferre
842 1423 968 1480 certant
990 1425 1023 1480 et
1037 1415 1153 1485 Patras
1177 1423 1293 1486 omnia.

167 1518 304 1583 consilia
334 1519 367 1582 in
393 1517 515 1582 bellum
542 1523 747 1583 convertunt.
795 1517 894 1582 Hane
920 1527 989 1582 rem
1017 1511 1120 1586 Silius
1147 1523 1204 1588 lib.
1217 1527 1221 1535 “
1235 1529 1286 1593 12.

166 1644 196 1685 v.
219 1624 410 1690 soa—319.
433 1630 547 1685 narrat
568 1629 601 1685 et
622 1619 710 1684 huno
732 1618 825 1685 addit
846 1641 977 1685 versum
999 1621 1106 1710 (318.)

320 1741 443 1810 Corpore
462 1741 501 1795 sio
519 1743 581 1794 toto
599 1759 632 1794 ae
650 1740 782 1794 membris
799 1738 889 1794 Roma
913 1740 1041 1796 omnibus
1058 1761 1117 1814 usa,

320 1828 484 1898 Exsangues
501 1845 597 1882 rursm
616 1829 735 1882 tollebat
751 1827 788 1882 ad
805 1827 918 1882 aethera
935 1829 1037 1894 vultus,

166 1932 327 2016 „Hlorum
341 1941 526 2018 temporum
549 1933 690 2018 speeiem
705 1933 874 2021 amplexus
897 1933 1004 1999 animo
1019 1921 1151 2000 videtur
1166 1943 1287 2024 poeta“

166 2034 370 2118 (conferatur
391 2033 573 2101 Vahlenius
588 2059 664 2122 pag.
681 2035 774 2102 LIV
792 2057 817 2141 s.
834 2035 874 2122 f)
896 2045 970 2100 oum
986 2037 1143 2104 scriberet
1164 2065 1195 2105 v.
1211 2045 1284 2110 492.

167 2137 292 2220 (inter
283 2159 346 2201 mo.
369 2135 436 2202 sed.
459 2137 574 2224 frag.):

263 2275 265 2283 ι
296 2274 298 2278 ,
368 2239 495 2295 Moribus
514 2240 635 2310 antiquis
653 2259 698 2296 res
717 2245 774 2296 stat
790 2242 917 2297 Romana
934 2241 1064 2313 virisque.

250 2349 313 2427 23,
335 2345 427 2410 Inter
447 2346 568 2411 multos
591 2346 673 2412 alios
694 2347 730 2410 in
751 2369 862 2433 pugna
884 2345 926 2410 ad
946 2347 1098 2413 Ticinum
1120 2351 1208 2415 faeta
1230 2375 1285 2417 oo·

166 2448 252 2514 oisos
279 2448 412 2514 Ufentis
442 2469 573 2532 quoque
601 2447 772 2534 cujusdam
798 2449 920 2514 mentio
947 2449 985 2514 fit
1010 2450 1066 2516 lib.
1089 2453 1126 2536 4,
1152 2477 1183 2518 v.
1212 2458 1286 2539 341,

165 2551 222 2635 qui
245 2550 286 2615 ab
308 2550 495 2616 Hannibale
520 2551 594 2637 ipso
621 2565 697 2617 ense
725 2551 921 2617 intarfioitur
948 2561 981 2617 et
1008 2555 1134 2641 poplite
1157 2559 1284 2624 succiso
1318 2642 1321 2658 ,

165 2651 263 2717 eadit.
309 2654 436 2720 Versus
458 2644 510 2718 est
530 2651 601 2718 hio:

418 2815 421 2822 ,
455 2750 586 2811 Ufentem
605 2757 758 2826 collapsum
774 2754 883 2827 poplite
902 2775 982 2814 caeso

402 2841 487 2898 Ensis
506 2843 586 2898 obit.
600 2885 606 2898 .
621 2885 627 2898 .
641 2885 647 2898 .

166 2968 307 3032 quocum
329 2966 427 3013 versu
449 2941 602 3033 comparo
623 2948 810 3014 Ennianum
831 2973 962 3016 versum
983 2956 1061 3020 279:

394 3051 421 3104 Is
439 3065 540 3118 pernas
560 3052 676 3108 suooidit
694 3053 789 3122 iniqua
808 3053 939 3125 superbia
955 3055 1052 3112 Poeni.

164 3149 231 3221 llio
252 3173 367 3222 versus
390 3155 470 3240 quin
494 3154 582 3241 apud
602 3153 746 3221 Ennium
767 3157 801 3221 in
823 3181 959 3244 prorsus
987 3160 1153 3228 simillimo
1176 3186 1284 3229 rerum

165 3280 291 3324 oonexu
312 3258 412 3323 fuerit
440 3265 539 3342 atque
566 3256 654 3344 apud
680 3257 798 3325 Silium
825 3285 891 3326 non
913 3261 1043 3342 dubito;
1070 3265 1126 3330 illa
1153 3263 1284 3333 Poenus

164 3363 249 3426 enim
275 3360 363 3448 apud
388 3359 532 3438 Ennium
560 3361 619 3445 qui
650 3362 763 3429 multis
794 3387 911 3450 pernas
945 3364 1085 3432 suooidit
1116 3367 1285 3434 Hannibal

165 3465 236 3550 ipse
258 3472 308 3530 est
335 3464 393 3549 qui
426 3461 515 3550 apud
547 3461 666 3530 Silium
693 3466 715 3530 l.
740 3465 761 3531 l.
784 3467 906 3552 multos
932 3468 1094 3554 trucidat,
1127 3470 1284 3536 Ufentem

166 3567 290 3652 poplite
323 3589 418 3632 oaeso
448 3573 553 3630 neoat.
603 3565 776 3654 Leguntur
809 3578 919 3650 autem
951 3571 1040 3660 apud
1066 3571 1185 3640 Silium
1216 3570 1282 3640 duo

165 3677 336 3754 praeterea
357 3667 422 3742 looi
444 3667 577 3753 similes,
601 3693 743 3753 quorum¹
763 3673 845 3737 alter
866 3673 922 3740 lib.
946 3679 978 3759 5,
1000 3699 1031 3739 v.
1047 3677 1127 3743 547:
1203 3715 1208 3724 ι
1326 3680 1329 3687 “

566 3807 649 3860 quem
670 3791 780 3862 poplite·
802 3810 881 3848 caeso

351 3875 425 3928 Dum
443 3877 545 3946 spolias
562 3879 655 3948 gravis
672 3880 775 3934 immiti
793 3897 856 3934 oum
874 3881 985 3936 turbine
1004 3885 1095 3938 costas

352 3962 488 4018 Fraxinus
506 3965 625 4034 irrupit.
639 4006 645 4020 .
659 4007 665 4020 .
679 4007 695 4036 .,

165 4070 247 4134 alter
269 4068 325 4133 lib.
352 4073 402 4152 10,
423 4092 454 4132 v.
477 4071 529 4137 38.
553 4077 678 4134 exstatr

345 4188 457 4244 Fratres
476 4189 521 4244 hio
539 4189 655 4244 humero
673 4191 807 4262 oeeidaro,
824 4193 870 4250 hio
887 4193 995 4264 poplite
1013 4213 1100 4254 caeso.

1039 4336 1079 4389 3*
