3096 4880
695 200 737 265 23

156 394 230 452 tens
257 382 415 451 Romanis
443 382 607 450 excidium
636 378 882 470 Carthaginis.“
931 382 1062 466 Quodsi
1087 405 1139 452 res
1166 385 1214 456 ita
1242 409 1277 452 se

155 486 433 570 habet-neque
456 493 507 550 est
529 507 588 550 cur
609 484 951 554 dubitemus—certo
973 509 1089 556 versus
1110 488 1186 556 illos
1207 489 1276 554 En-

156 589 272 655 nianos
294 589 328 652 in
350 611 389 653 ea
411 596 505 674 parte
528 587 693 654 annalium
715 610 781 672 qua
802 588 924 657 bellum
945 589 1107 658 Punicum
1129 590 1276 678 descrip-

156 701 227 758 tum
250 700 331 775 erat,
353 700 386 756 et
406 690 470 758 hoo
485 688 618 775 quidem
638 691 712 756 loco
731 691 834 759 fuisse
853 690 961 757 credo.
1005 691 1173 775 Quamvis·
1191 696 1276 760 enim

156 803 189 860 et
210 795 252 860 de
266 792 396 860 duobus
412 793 486 862 aliis
507 793 589 859 locis
611 794 753 881 eogitari
773 796 883 881 possit
903 795 1023 880 quibus
1046 795 1134 882 apud
1156 797 1277 866 Silium

156 896 314 984 duppiter
340 895 461 962 similia
486 897 683 983 promittens
710 896 895 981 inducitur,
924 897 1007 962 illud
1035 906 1145 964 tamen
1167 897 1276 966 Servii

154 999 280 1064 dictum
301 998 367 1063 huc
380 998 501 1064 referre
515 1023 581 1066 non
600 997 760 1065 dubitavi.
804 999 893 1066 Nam
908 1000 1068 1088 inpugna
1084 1000 1126 1066 ad
1140 1000 1276 1070 Zamam

154 1103 243 1168 facta
269 1100 426 1187 luppiter
454 1100 581 1169 Junoni
607 1124 658 1168 res
681 1102 863 1170 anubibus
890 1103 1009 1192 procul
1028 1104 1187 1182 lustranti
1206 1104 1275 1170 fata

154 1205 271 1276 futura
293 1202 418 1289 pandit.
471 1201 535 1272 Cui
566 1203 744 1291 respondet
775 1205 866 1271 Juno
900 1227 935 1270 se
968 1229 1034 1270 non
1065 1229 1104 1272 eo
1138 1207 1275 1274 consilio

155 1329 301 1393 pugnam
333 1307 548 1393 contemplari
581 1317 620 1372 ut
648 1307 719 1390 fata
744 1316 849 1372 mutet
880 1317 939 1374 aut
964 1308 1086 1376 bellum
1117 1317 1275 1392 moretur,

157 1407 216 1477 sed
242 1407 276 1472 id
303 1431 404 1476 unum
429 1432 465 1478 se
495 1419 608 1497 petere
635 1435 655 1478 a
684 1414 824 1498 conjuge
856 1419 894 1475 ut
924 1433 1029 1495 neque
1055 1407 1276 1476 Hannibalem
1374 1411 1380 1420 '

155 1511 229 1597 capi
251 1519 308 1575 aut
330 1513 453 1598 perire,
478 1535 584 1598 neque
607 1511 841 1599 Carthaginem
862 1512 951 1578 dirui
971 1514 1128 1599 patiatur.
1175 1509 1276 1592 Quod

155 1614 312 1700 Juppiter
334 1617 364 1681 ei
385 1616 561 1702 promittit,
585 1615 643 1682 scd
663 1615 744 1680 haec
765 1613 859 1680 addit
880 1615 980 1681 verba
1001 1616 1070 1700 (17.
1093 1615 1200 1699 373.):

746 1785 810 1841 Non
827 1787 912 1856 longa
929 1789 1078 1856 supersunt

354 1875 425 1929 Fata
442 1873 514 1943 urbi,
532 1873 680 1943 venietque
697 1874 758 1942 pari
777 1876 829 1930 sub
847 1873 960 1929 nomine
978 1873 1077 1928 ductor

356 1961 408 2030 Qui
424 1979 498 2016 nunc
515 1965 637 2016 servatas
655 1965 763 2017 avertat
780 1961 904 2027 (unditus
921 1978 1008 2017 arces.
1126 1961 1134 1976 ⁸

156 2121 209 2186 De
241 2120 305 2185 hoc
336 2127 446 2182 tamen
476 2117 550 2183 loco
573 2115 743 2204 disputare
775 2117 832 2182 vix
865 2139 949 2204 opus
982 2139 1054 2184 esse
1081 2125 1178 2202 puto;
1210 2139 1276 2180 non

157 2223 242 2287 enim
270 2220 359 2308 apud
384 2219 529 2284 Ennium
555 2219 713 2306 Juppiter
739 2220 928 2306 promiserit
954 2218 1038 2285 illud
1065 2216 1275 2304 Carthaginis

155 2324 320 2390 excidium
346 2321 436 2409 quod
466 2321 552 2388 bello
581 2322 707 2389 Punico
733 2323 832 2388 tertio
862 2346 881 2388 a
909 2321 1062 2410 Scipione
1090 2321 1274 2386 Aemiliano

154 2428 264 2511 fiebat,
287 2425 345 2494 scd
366 2425 468 2490 verba
488 2425 536 2490 ita
558 2449 630 2493 esse
645 2424 863 2512 intellegenda
884 2447 999 2491 censeo
1015 2447 1099 2509 quae
1114 2423 1158 2488 ad
1179 2423 1276 2488 finem

154 2530 290 2596 alterius
319 2528 397 2594 belli
418 2527 538 2592 Punici
563 2536 727 2615 spectent,
754 2550 859 2614 neque
886 2526 977 2592 aliud
1005 2526 1190 2614 significent
1210 2526 1277 2592 nisi

153 2632 231 2697 hoc:
260 2630 430 2697 Hannibal
455 2638 489 2695 et
517 2627 684 2717 Carthago
711 2655 731 2696 a
751 2629 908 2697 Romanis
935 2629 1066 2695 tandem
1093 2629 1275 2694 vincentur.

155 2734 252 2799 Alter
266 2734 358 2800 locus
373 2732 429 2798 lib.
446 2736 476 2800 9.
492 2740 602 2798 exstat
615 2756 665 2799 vs.
679 2737 752 2802 524.
769 2757 859 2818 sqq.:
875 2733 1093 2798 Atrocissime
1108 2740 1275 2818 pugnatur

155 2844 188 2900 et
209 2835 288 2901 Itali
311 2836 405 2922 signa
422 2837 492 2920 jam
513 2843 718 2902 convertunt.
763 2835 831 2903 Sed
849 2837 975 2902 Aeolus
996 2834 1148 2921 precibus
1168 2833 1275 2898 Junc-

153 2939 205 3004 nis
227 2947 337 3004 motus
359 2947 492 3002 ventum
512 2945 623 3002 movet
638 2945 671 3002 et
684 2937 851 3004 Romanos
870 2939 905 3003 in
919 2935 1096 3025 pugnando
1112 2935 1275 3024 prohibet,
1389 2935 1392 2940 ’

153 3043 201 3106 ita
223 3050 322 3106 utne
345 3041 451 3106 Marti
473 3039 606 3124 quidem
629 3050 794 3126 parcatur,
817 3042 875 3125 qui
897 3064 935 3108 eo
958 3041 1075 3105 iratior
1096 3040 1131 3104 in
1144 3031 1274 3106 Poenos

153 3145 244 3210 furit.
276 3144 395 3228 Itaque
409 3143 564 3208 Minerva
579 3142 603 3208 J
605 3166 697 3207 ovem
712 3150 750 3206 ut
762 3142 907 3208 Martem
922 3145 957 3208 in
967 3142 1098 3208 Poenos
1112 3142 1275 3209 furentem

151 3256 301 3312 coerceat
322 3254 420 3333 rogat
441 3254 475 3312 et
490 3245 593 3329 duno,
616 3268 673 3311 seu
696 3269 822 3311 summa
836 3246 886 3312 ira
901 3269 959 3312 seu
981 3244 1162 3310 calliditate
1184 3253 1274 3310 mota

155 3349 179 3415 J
181 3349 236 3414 ovi
262 3357 377 3414 contra
409 3372 505 3416 suum
536 3348 642 3434 ipsius
671 3348 844 3413 consilium
874 3348 1072 3435 persuadere
1099 3346 1210 3414 studet
1237 3355 1275 3410 ut

154 3450 271 3537 perdat
300 3448 534 3538 Carthaginem
560 3451 696 3515 fuhnine
717 3450 784 3516 icto
813 3473 879 3536 quo
902 3452 1084 3537 potentiam
1107 3473 1199 3516 suam
1221 3472 1274 3513 cs-

154 3553 277 3618 tendat.
324 3551 387 3622 Cui
409 3553 567 3640 duppiter
589 3554 662 3618 miti
685 3554 833 3620 oratione
853 3553 936 3618 haec
958 3551 1136 3640 respondet
1158 3551 1230 3635 (lib.
1243 3554 1274 3634 9,

154 3681 183 3720 v.
209 3657 317 3741 543.):

259 3809 378 3864 Certatis
396 3810 460 3865 fatis
474 3852 559 3865 .....

258 3897 309 3950 Ille
329 3897 397 3966 (scil.
417 3897 530 3968 Scipio),
548 3916 565 3953 o
583 3902 657 3966 nata,
675 3900 765 3953 libens
784 3899 828 3953 cui
846 3901 903 3954 tela
920 3899 1033 3952 inimica
1051 3897 1159 3953 ferebas

259 3985 417 4041 Contundet
434 3985 533 4054 Tyrios
548 3986 672 4054 juvenes,
691 4003 723 4041 ac
741 3988 856 4041 nomina
874 3986 964 4056 gentis

257 4073 356 4128 induet
374 4079 402 4130 et
419 4073 554 4142 Libycam
571 4073 641 4128 feret
659 4073 688 4128 in
706 4073 841 4148 Capitolia
858 4074 974 4129 laurum.
