3096 4880
677 314 718 378 83

136 500 193 565 lib.
216 503 250 583 9,
272 524 303 563 v.
325 505 399 569 287.
423 522 495 584 sqq.
518 499 654 565 carmini
676 498 817 562 intexuit
839 500 919 566 ἰτεῶν
939 496 1057 584 μάχην,
1078 502 1256 589 „partim“,

137 611 176 666 ut
206 600 387 688 Rupertius
426 601 527 686 dicit,
562 650 583 685 ,,
591 601 744 684 Homeri,
780 601 900 687 partim
931 597 1099 685 Maronis,
1135 606 1257 689 partim

138 704 287 770 Petronii
314 705 498 791 exemplum
527 706 698 770 secutus.“
741 702 809 771 Sed
836 703 925 768 haud
952 704 1020 768 scio
1047 727 1089 768 an
1110 706 1155 771 sit
1176 707 1256 772 ridi·

138 808 247 872 culum
269 807 379 872 dicere
400 807 485 872 hanc
506 808 721 872 imitationem
742 806 969 874 adumbratam
991 827 1062 872 esse
1083 807 1127 873 ad
1148 833 1257 876 exem·

139 911 230 997 plum
252 910 412 1004 Petronii,
434 932 508 974 cum
530 933 570 974 ne
592 933 693 974 unum
715 909 848 993 quidem
863 918 971 976 exstet
992 910 1168 997 vestigium
1189 937 1257 998 quo

139 1022 297 1099 appareat
318 1011 472 1078 hausisse*
489 1011 607 1080 Silium
629 1033 671 1076 ex
692 1011 861 1101 Retronic,
883 1012 1024 1098 plurima
1045 1021 1153 1078 autem
1174 1039 1259 1100 quae

139 1114 259 1180 docent
287 1116 473 1202 Vergilium
500 1124 533 1180 et
559 1114 742 1180 Homerum
768 1113 876 1180 fontes
908 1113 1030 1180 fuisse?
1074 1115 1192 1202 Itaque
1218 1143 1259 1186 ne

140 1218 174 1282 in
197 1217 336 1283 cundem
361 1241 504 1283 errorem
526 1217 726 1302 incidamus,
746 1217 946 1304 ,plerumque
973 1239 1029 1284 eos
1051 1218 1142 1284 locos
1165 1245 1260 1307 prae·

140 1320 283 1402 termini,
304 1321 425 1405 quibus
448 1328 579 1407 praeter
599 1320 682 1385 alios
705 1320 883 1405 scriptores
905 1320 1003 1400 etiam
1025 1342 1110 1387 unus
1131 1343 1174 1386 ex
1193 1325 1260 1394 illis

142 1445 200 1488 sex
222 1423 263 1487 de
285 1423 406 1508 quibus
429 1445 529 1509 supra
550 1422 791 1508 disputavimus
811 1421 894 1488 Silio
917 1421 1049 1487 videtur
1071 1425 1259 1509 praeivisse.

142 1525 261 1610 Neque
282 1536 392 1591 tamen
420 1527 533 1613 negari
556 1532 684 1611 potest,
713 1525 843 1590 etiamsi
866 1547 977 1589 omnes
1000 1525 1074 1592 illos
1096 1527 1188 1594 locos
1211 1553 1261 1596 sc-

139 1628 308 1715 jungimus
330 1627 395 1692 huc
417 1628 495 1692 illuc
516 1628 658 1714 vestigia
676 1625 836 1712 quaedam
852 1635 974 1691 restare
990 1637 1172 1715 poetarum,
1194 1636 1263 1718 qui,

144 1732 294 1816 quamvis
317 1733 351 1795 in
373 1731 446 1796 aliis
462 1730 560 1795 rebus
575 1729 757 1795 tractandis
779 1739 1000 1814 versarentur,
1021 1739 1130 1796 tamen
1145 1757 1164 1797 a
1179 1733 1263 1802 Silio

145 1821 345 1919 pervolutati
368 1842 454 1898 sunt.
498 1833 571 1898 Nec
598 1832 717 1897 mirum
745 1832 852 1898 idest
874 1855 947 1896 cum
970 1833 1112 1899 sciamus
1134 1834 1264 1922 Silium,

145 1946 321 2023 postquam
345 1937 378 2000 in
393 1936 523 2003 Vitellii
545 1936 689 2000 amicitia
711 1936 875 2021 sapienter
898 1957 933 2000 sc
955 1944 988 1999 et
1003 1936 1139 2000 comiter
1161 1941 1265 2025 gessit

146 2040 350 2124 (conferatur
370 2039 472 2104 Plinii
494 2062 543 2125 ep.
567 2038 623 2104 lib.
645 2043 681 2123 3,
705 2062 754 2124 ep.
779 2043 814 2121 7,
837 2061 906 2124 par.
929 2039 987 2124 3.),
1010 2047 1043 2102 et
1065 2039 1166 2106 Asiae
1188 2065 1265 2128 pro-

146 2143 273 2207 vinciae
295 2166 355 2228 pro
378 2142 512 2207 consule
533 2165 592 2228 per
614 2164 715 2207 uuum
739 2164 858 2206 annum
882 2141 1035 2226 praefuit,
1058 2145 1267 2229 erepublica
1333 2201 1335 2207 ,

146 2257 180 2310 et
208 2245 249 2310 ab
271 2246 364 2312 Urbe
387 2245 560 2310 secessisse
588 2267 687 2328 seque
714 2245 747 2308 in
772 2242 954 2329 Campania
980 2245 1125 2310 tenuisse
1147 2246 1266 2315 litteris

149 2347 297 2413 deditum
313 2356 345 2412 et
360 2347 519 2412 librorum
541 2345 799 2434 colligendorum
822 2345 1018 2430 studiosum,
1041 2370 1082 2411 ex
1097 2370 1163 2432 qua
1177 2358 1267 2415 tran-

148 2451 311 2535 quillitate
344 2473 409 2514 non
447 2448 599 2524 discessit
637 2471 678 2514 ne
711 2449 854 2514 adventu
887 2449 1020 2533 quidem
1052 2450 1268 2536 Imperatoris

148 2553 283 2640 Trajani
312 2553 389 2618 novi
411 2553 569 2639 principis
592 2561 790 2636 commotus,
816 2573 922 2637 usque
944 2549 987 2616 ad
1008 2561 1147 2618 mortem
1169 2579 1269 2639 quam

149 2658 220 2743 ipse
243 2655 305 2722 sibi
328 2656 502 2738 conscivit,
529 2679 603 2720 cum
627 2658 696 2742 jam
723 2678 843 2720 annum
873 2654 1150 2740 septuagesimum
1172 2659 1268 2742 quin·

148 2768 219 2823 tum
242 2759 447 2823 excessisset.
491 2758 609 2842 Itaque
632 2781 707 2822 cum
729 2758 810 2824 satis
833 2757 862 2821 ei
882 2767 969 2823 esset
992 2758 1053 2822 otii
1073 2765 1106 2822 et
1122 2761 1268 2826 occasio-

149 2862 201 2926 nis
220 2869 400 2946 'poetarum
432 2859 522 2925 illius
549 2860 667 2925 aetatis
698 2868 787 2924 certo
816 2860 960 2924 omnium
986 2860 1269 2948 perlegendorum,

148 2985 382 3046 nonnunquam
408 2961 479 3025 fieri
505 2962 616 3048 potuit
642 2971 695 3046 ut,
725 2971 912 3048 opportuna
942 2962 1113 3028 occasione
1135 2962 1214 3030 data
1236 2966 1270 3031 in

151 3087 246 3130 suum
261 3087 357 3129 usum
372 3072 576 3128 converterat
598 3087 636 3129 ea
658 3087 743 3149 quac
765 3063 854 3150 apud
876 3064 975 3128 aliurn
998 3065 1032 3128 in
1046 3089 1183 3152 prorsus
1205 3069 1270 3134 alio

151 3169 293 3232 fortasse
335 3189 462 3231 conexu
505 3188 613 3231 rerum
658 3167 792 3252 legerat.
847 3166 919 3232 Nec
958 3165 1078 3233 desun't
1110 3170 1271 3254 ejusmodi

152 3270 300 3355 exempla
322 3292 462 3354 quorum
484 3267 642 3334 nonnulla
663 3291 749 3333 nunc
773 3267 916 3334 afferam.

237 3371 465 3437 Dubitandum
487 3372 572 3436 enirn
594 3395 659 3436 non
679 3379 730 3436 cst
745 3373 825 3456 quin
840 3370 942 3439 Silius
957 3395 1022 3438 non
1036 3396 1159 3459 paucas
1174 3399 1271 3442 voces

152 3485 186 3539 et
207 3476 389 3541 locutiones
412 3476 558 3561 poeticas
581 3472 715 3539 Horatio
737 3475 870 3554 debeat3
893 3476 987 3560 cujus
1010 3477 1057 3540 rei
1078 3475 1158 3542 haec
1181 3477 1272 3544 suffi-

134 3557 240 3642 ⁰ciant
262 3578 425 3663 exempla:

238 3680 291 3744 Ac
317 3681 459 3766 primum
489 3679 622 3764 quidem
650 3682 684 3745 in
712 3682 860 3747 oratione
887 3680 1024 3768 Reguli,
1051 3681 1092 3745 dc
1114 3694 1180 3766 qua
1203 3685 1272 3768 jam

154 3803 254 3869 supra
282 3805 358 3869 pag.
385 3785 554 3850 55.—56.
583 3781 743 3867 diximus,
774 3792 904 3869 praeter
938 3781 1146 3869 Ciceronem,
1174 3787 1272 3852 etiam

153 3885 288 3951 Horatii
315 3883 413 3949 odam
440 3884 587 3969 quintam
616 3885 692 3950 libri
718 3887 809 3949 tertii
832 3885 914 3953 Silio
938 3895 1013 3950 ante
1036 3888 1149 3954 oculos
1171 3888 1272 3958 fuisse

154 4010 346 4075 persuasum
368 3985 448 4052 mihi
470 3994 529 4051 est.
576 3985 795 4051 Conseruntur
818 3988 902 4051 enim
925 3988 1010 4053 inter
1032 4009 1066 4054 se
1088 3989 1183 4056 haec:
