3096 4880
694 325 735 390 69

313 510 353 566 At
370 509 447 580 (lato,
465 513 525 564 tum
542 510 633 580 prima
650 527 763 582 sparsus
781 511 912 580 lanugine
929 513 1025 580 malas,

315 598 395 666 Quod
412 615 546 668 peperere
564 599 647 654 decus
665 598 777 654 Circaeo
794 598 914 654 Tuscula
930 600 1014 654 dorso

314 683 433 756 Moenia,
450 687 567 741 Laertae
584 686 724 756 quondam
741 690 859 758 regnata
876 687 972 756 nepoti
984 725 1094 742 ......

112 826 120 840 κ
148 789 285 855 Tusculi
299 797 412 854 natum
427 790 529 858 fuisse
545 787 703 856 Catonem
719 788 835 856 Cicero
856 791 969 856 multis
983 791 1065 860 locis
1080 813 1140 858 nos
1155 789 1263 858 docet.

150 889 371 957 conferantur
392 893 477 958 enim
491 894 586 959 Brut.
602 896 655 977 85,
669 896 759 961 294:
774 891 827 960 his
848 903 886 958 tu
907 916 1079 981 comparas
1100 892 1264 959 hominem
1331 925 1334 928 ·

147 995 373 1060 Tusculanum
399 996 445 1080 (i.
465 1017 491 1060 e.
521 992 679 1060 Catonem
710 995 751 1061 de
777 1019 843 1081 quo
877 1005 974 1061 antea
1006 995 1167 1082 dixerat);
1201 1019 1262 1082 pro

62 1157 65 1163 .
149 1096 286 1162 Plancio
309 1101 345 1182 8,
367 1103 435 1168 20.:
458 1120 535 1162 num
558 1096 690 1183 quando
713 1097 806 1166 vides
820 1099 1043 1164 Tusculanum
1065 1099 1207 1186 aliquem
1222 1098 1263 1164 de

149 1198 199 1264 M.
224 1197 350 1266 Catone
372 1201 429 1266 illo
457 1201 491 1265 iu
517 1201 606 1266 omni
626 1201 750 1266 virtute
772 1201 919 1288 principe
939 1202 1175 1288 ...municipe
1202 1223 1262 1267 suo

151 1303 422 1390 ....gloriari?;
450 1303 491 1369 de
517 1303 615 1390 legib.
646 1308 678 1388 2,
704 1309 735 1372 2.
762 1308 810 1373 5.:
838 1306 902 1372 nisi
933 1306 1018 1369 forte
1046 1305 1187 1391 sapienti
1214 1305 1263 1369 illi
1334 1327 1335 1330 ¹

150 1402 271 1471 Catoni
296 1405 361 1471 fuit
387 1405 496 1492 patria
522 1429 589 1470 non
609 1405 716 1471 Roma
743 1405 800 1472 sed
821 1409 1001 1474 Tusculum
1017 1455 1125 1472 .....
1148 1416 1186 1471 ut
1208 1407 1263 1471 ille

150 1505 253 1592 Cato,
277 1523 350 1572 cum
373 1520 460 1574 esset
481 1509 618 1574 Tusculi
639 1517 738 1576 natus
755 1559 762 1572 .
780 1556 788 1573 .
805 1559 838 1575 ..
861 1533 935 1575 cum
959 1518 1035 1575 ortu
1055 1509 1263 1576 Tusculanus

149 1619 238 1676 esset
253 1659 362 1676 .....
370 1637 378 1690 ;
401 1609 441 1676 de
464 1611 589 1697 republ.
614 1616 643 1678 1.
670 1616 697 1679 l.
716 1617 760 1680 1.:
776 1611 825 1677 M.
841 1636 920 1678 vero
937 1610 1057 1677 Catoni
1074 1661 1081 1676 .
1099 1661 1106 1676 .
1124 1621 1262 1676 ..certe

149 1712 244 1778 licuit
265 1714 402 1779 Tusculi
425 1735 459 1780 se
481 1713 517 1778 in
537 1714 605 1780 otio
628 1714 791 1780 delectare
806 1764 814 1778 .
832 1763 839 1778 .
857 1741 881 1795 .;
895 1738 964 1803 -pro
979 1713 1106 1779 Archia
1128 1724 1214 1800 poet.
1231 1718 1263 1798 9,

148 1819 216 1884 222:
249 1815 283 1880 in
315 1816 441 1882 caelum
472 1815 571 1901 hujus
597 1813 752 1901 (Catonis
780 1817 967 1904 Uticensis)
999 1839 1143 1903 proavus
1177 1814 1261 1880 Cato

147 1919 277 1984 tollitur
306 1920 368 2004 (sc.
397 1918 439 1984 ab
465 1917 602 2004 Ennio).
651 1919 810 1986 Fortasse
838 1921 907 2006 jam
937 1917 1198 2006 spunsarum
1225 1926 1263 1981 ut

148 2020 236 2107 apud
259 2020 377 2089 Silium
399 2019 484 2087 Cato
506 2044 657 2108 pugnans
678 2021 834 2088 inductus
856 2031 936 2087 erat.

231 2128 295 2208 29,
318 2124 423 2190 Libro
444 2123 571 2190 decimo
592 2123 628 2188 hi
649 2125 805 2212 leguntur
825 2147 941 2192 versus
963 2126 1183 2210 (432.—35.):

271 2245 356 2314 Tum,
380 2227 507 2315 quatiens
532 2245 659 2302 strictum
678 2264 739 2303 eum
757 2263 827 2302 vocs
844 2249 909 2299 anto
928 2261 975 2300 ora
993 2251 1141 2315 paventum

270 2333 440 2400 Mucronem‚
457 2333 588 2404 Tarpeja,
601 2340 693 2403 pater,
712 2335 760 2403 qui
776 2333 881 2402 templa
899 2333 1048 2388 secundam

269 2421 372 2476 Incolis
391 2438 407 2475 a
425 2421 502 2476 coelo
521 2421 624 2490 sedem,
643 2425 676 2488 et
691 2419 830 2476 Saturnia
846 2421 970 2478 nondum

269 2508 361 2563 Iliacis
379 2511 486 2563 mutata
502 2508 596 2577 malis,
612 2514 696 2576 tuque
716 2524 814 2577 aspera
831 2511 929 2580 pectus

270 2595 377 2666 Aegide
395 2595 557 2667 Gorgoneos
576 2595 656 2665 oirpo
675 2593 817 2650 subcincta
835 2594 961 2650 furores.
977 2636 983 2648 .
997 2637 1023 2650 ..

147 2699 274 2767 Eodem
301 2699 456 2766 modoet
482 2698 596 2765 eodem
623 2698 737 2766 ordine
763 2699 936 2789 Juppiter,
970 2691 1077 2784 Jun0,
1109 2702 1262 2769 Minerva

145 2805 285 2891 junctim
306 2804 492 2888 frequenter
515 2799 603 2887 apud
620 2800 810 2868 Ciceronem
826 2811 1057 2868 memorantur.
1103 2801 1261 2872 Conferas

149 2907 234 2972 enirn
257 2905 352 2972 Orat.
376 2929 436 2992 pro
464 2903 562 2970 domo
584 2907 636 2972 57.
661 2907 748 2972 144:
778 2906 934 3000 quocirca
954 2914 987 2971 te
1011 2903 1262 2992 Capitoline,-

146 3019 245 3094 teque
268 3007 358 3074 Juno
380 3007 508 3096 Regina
530 3016 563 3076 et
584 3016 628 3091 te,
651 3015 763 3072 custos
785 3007 876 3074 urbis
892 3007 1045 3094 Minerva
1067 3048 1108 3056 -
1130 3033 1262 3096 precor;

146 3112 181 3176 in
203 3112 299 3178 Verr.
315 3110 371 3206 lib.
385 3114 419 3195 b,
434 3115 485 3178 72.
503 3112 589 3179 184:
611 3109 711 3176 Nunc
732 3117 765 3174 te
781 3109 805 3176 J
806 3110 938 3197 uppiter
953 3110 1089 3198 Optime
1102 3112 1262 3200 Maxime,

147 3251 189 3261 -—
210 3223 307 3299 teque
330 3213 419 3280 Juno
441 3211 570 3299 Regina
591 3249 633 3259 —
655 3220 752 3296 teque
773 3211 927 3278 Minerva
942 3252 983 3260 -
998 3215 1114 3302 precor
1130 3266 1137 3280 .
1155 3267 1163 3282 .
1180 3243 1204 3296 .;
1229 3219 1261 3280 in

147 3317 243 3384 Verr.
272 3316 328 3382 lib.
351 3320 389 3403 5,
413 3319 462 3384 14.
485 3320 555 3385 36.:
571 3365 579 3380 .
597 3363 629 3379 ..
653 3312 749 3380 ludos
777 3315 1024 3399 antiquissimos
1051 3339 1125 3382 cum
1152 3318 1260 3404 digni-

146 3426 216 3484 tate
246 3419 389 3484 maxima
415 3428 449 3483 et
480 3417 639 3506 religione
665 3416 746 3483 Jovi
773 3416 899 3483 Junoni
925 3419 1162 3506 Minervaeque
1190 3445 1261 3487 csse

146 3519 319 3588 faciundos
335 3571 343 3587 .
360 3571 368 3586 .
385 3572 392 3586 .
410 3547 435 3602 .;
458 3544 519 3608 pro
543 3519 668 3588 Scauro
691 3524 743 3588 23.
766 3523 835 3586 lu:
859 3517 1061 3609 Capitolium
1082 3522 1183 3588 illud.
1202 3573 1209 3586 .
1226 3574 1233 3587 .
1252 3574 1259 3587 .

146 3621 257 3690 aditus
269 3623 365 3690 Jovis
378 3622 508 3710 Optimi
523 3621 675 3706 Maximi,
691 3622 834 3690 Junonis
851 3622 1007 3711 Reginae,
1023 3626 1225 3690 Minervae..
1235 3676 1259 3690 ..

231 3731 301 3810 30,
333 3725 384 3792 Ut
411 3725 513 3792 Silius
542 3723 624 3789 dicit
654 3725 710 3792 lib.
740 3730 795 3810 12,
828 3751 859 3790 v.
887 3730 950 3794 295
977 3750 1050 3813 sqq.
1084 3735 1260 3812 postquam

145 3827 299 3894 Marcelli
320 3829 492 3894 victoriam
515 3826 556 3894 ad
577 3829 700 3894 Nolam
722 3837 924 3914 reportatam
946 3831 1227 3896 commemoravit:

324 3951 363 4004 At
381 3953 514 4004 consueta
531 3966 627 4018 graves
652 3967 702 4019 per
721 3951 835 4018 longum
854 3948 949 4004 audire
968 3967 1081 4003 suorum

322 4037 462 4104 Eventus,
480 4037 582 4104 Roma,
600 4041 628 4090 et
645 4054 785 4105 nunquam
803 4040 928 4090 recreata
945 4037 1073 4094 secundis

324 4125 428 4178 Adlato
446 4117 559 4178 tandem
577 4123 683 4177 faustae
702 4124 852 4178 certamine
869 4139 987 4194 pugnae,

323 4212 449 4282 Erigitur
455 4251 585 4281 .......
