<?xml version="1.0" encoding="UTF-8"?>
<!DOCTYPE html PUBLIC "-//W3C//DTD XHTML 1.0 Transitional//EN"
    "http://www.w3.org/TR/xhtml1/DTD/xhtml1-transitional.dtd">
<html xmlns="http://www.w3.org/1999/xhtml" xml:lang="en" lang="en">
 <head>
  <title>
</title>
<meta http-equiv="Content-Type" content="text/html;charset=utf-8" />
  <meta name='ocr-system' content='tesseract 3.04.00' />
  <meta name='ocr-capabilities' content='ocr_page ocr_carea ocr_par ocr_line ocrx_word'/>
</head>
<body>
  <div class='ocr_page' id='page_1' title='image "./decsiliiitalici00wezegoog_0037.png"; bbox 0 0 3096 4880; ppageno 0'>
   <div class='ocr_carea' id='block_1_1' title="bbox 806 235 849 302">
    <p class='ocr_par' dir='ltr' id='par_1_1' title="bbox 806 235 849 302">
     <span class='ocr_line' id='line_1_1' title="bbox 806 235 849 302; baseline 0.093 -4"><span class='ocrx_word' id='word_1_1' title='bbox 806 235 849 302; x_wconf 80' lang='lat'>32</span> 
     </span>
    </p>
   </div>
   <div class='ocr_carea' id='block_1_2' title="bbox 267 419 1395 1224">
    <p class='ocr_par' dir='ltr' id='par_1_2' title="bbox 267 419 1395 1224">
     <span class='ocr_line' id='line_1_2' title="bbox 267 419 1388 504; baseline 0.004 -22"><span class='ocrx_word' id='word_1_2' title='bbox 267 419 453 504; x_wconf 76' lang='lat' dir='ltr'>pestilentia</span> <span class='ocrx_word' id='word_1_3' title='bbox 486 420 597 485; x_wconf 89' lang='lat' dir='ltr'>subito</span> <span class='ocrx_word' id='word_1_4' title='bbox 630 428 703 487; x_wconf 91' lang='lat' dir='ltr'>orta</span> <span class='ocrx_word' id='word_1_5' title='bbox 735 420 958 486; x_wconf 76' lang='lat' dir='ltr'>absumantun</span> <span class='ocrx_word' id='word_1_6' title='bbox 1004 419 1105 504; x_wconf 78' lang='lat' dir='ltr'>Quod</span> <span class='ocrx_word' id='word_1_7' title='bbox 1138 420 1241 488; x_wconf 86' lang='lat' dir='ltr'>Silius</span> <span class='ocrx_word' id='word_1_8' title='bbox 1275 431 1388 486; x_wconf 89' lang='lat' dir='ltr'>narrat</span> 
     </span>
     <span class='ocr_line' id='line_1_3' title="bbox 267 521 1390 609; baseline 0.004 -25"><span class='ocrx_word' id='word_1_9' title='bbox 267 521 322 586; x_wconf 92' lang='lat' dir='ltr'>lib.</span> <span class='ocrx_word' id='word_1_10' title='bbox 348 524 402 604; x_wconf 83' lang='lat'>14,</span> <span class='ocrx_word' id='word_1_11' title='bbox 425 546 456 585; x_wconf 89' lang='lat' dir='ltr'>v.</span> <span class='ocrx_word' id='word_1_12' title='bbox 479 525 657 590; x_wconf 73' lang='lat' dir='ltr'>otc-691.</span> <span class='ocrx_word' id='word_1_13' title='bbox 705 522 849 588; x_wconf 78' lang='lat' dir='ltr'><strong>Exstant</strong></span> <span class='ocrx_word' id='word_1_14' title='bbox 876 522 1007 607; x_wconf 89' lang='lat' dir='ltr'>quidem</span> <span class='ocrx_word' id='word_1_15' title='bbox 1034 525 1155 588; x_wconf 86' lang='lat' dir='ltr'>multae</span> <span class='ocrx_word' id='word_1_16' title='bbox 1186 525 1390 609; x_wconf 77' lang='lat' dir='ltr'>pestilentiae</span> 
     </span>
     <span class='ocr_line' id='line_1_4' title="bbox 268 622 1390 709; baseline 0.004 -23"><span class='ocrx_word' id='word_1_17' title='bbox 268 622 516 709; x_wconf 84' lang='lat' dir='ltr'>descriptiones,</span> <span class='ocrx_word' id='word_1_18' title='bbox 539 647 623 709; x_wconf 86' lang='lat' dir='ltr'>quae</span> <span class='ocrx_word' id='word_1_19' title='bbox 638 625 715 689; x_wconf 92' lang='lat' dir='ltr'>huic</span> <span class='ocrx_word' id='word_1_20' title='bbox 736 634 813 689; x_wconf 92' lang='lat' dir='ltr'>sunt</span> <span class='ocrx_word' id='word_1_21' title='bbox 834 625 972 704; x_wconf 85' lang='lat' dir='ltr'>similes3</span> <span class='ocrx_word' id='word_1_22' title='bbox 996 625 1139 690; x_wconf 86' lang='lat' dir='ltr'>sufficiat</span> <span class='ocrx_word' id='word_1_23' title='bbox 1161 627 1246 690; x_wconf 87' lang='lat' dir='ltr'>enim</span> <span class='ocrx_word' id='word_1_24' title='bbox 1268 649 1390 691; x_wconf 89' lang='lat' dir='ltr'>memo-</span> 
     </span>
     <span class='ocr_line' id='line_1_5' title="bbox 268 719 1391 814; baseline 0.004 -25"><span class='ocrx_word' id='word_1_25' title='bbox 268 749 357 792; x_wconf 83' lang='lat' dir='ltr'>rasse</span> <span class='ocrx_word' id='word_1_26' title='bbox 367 727 594 814; x_wconf 84' lang='lat' dir='ltr'>Thucydidem</span> <span class='ocrx_word' id='word_1_27' title='bbox 606 728 678 812; x_wconf 90' lang='lat' dir='ltr'>(lib.</span> <span class='ocrx_word' id='word_1_28' title='bbox 694 734 725 811; x_wconf 79' lang='lat'>2,</span> <span class='ocrx_word' id='word_1_29' title='bbox 735 719 812 814; x_wconf 87' lang='lat' dir='ltr'>cap.</span> <span class='ocrx_word' id='word_1_30' title='bbox 828 731 880 794; x_wconf 87' lang='grc'>47.</span> <span class='ocrx_word' id='word_1_31' title='bbox 897 728 997 812; x_wconf 88' lang='lat' dir='ltr'>sqq.),</span> <span class='ocrx_word' id='word_1_32' title='bbox 1010 727 1197 814; x_wconf 82' lang='lat' dir='ltr'>Vergilium</span> <span class='ocrx_word' id='word_1_33' title='bbox 1208 729 1308 813; x_wconf 84' lang='lat' dir='ltr'>(Aen.</span> <span class='ocrx_word' id='word_1_34' title='bbox 1324 731 1391 811; x_wconf 89' lang='lat' dir='ltr'>III,</span> 
     </span>
     <span class='ocr_line' id='line_1_6' title="bbox 269 829 1392 918; baseline 0.001 -22"><span class='ocrx_word' id='word_1_35' title='bbox 269 833 339 898; x_wconf 89' lang='grc'><strong>137.</strong></span> <span class='ocrx_word' id='word_1_36' title='bbox 353 832 453 916; x_wconf 88' lang='lat' dir='ltr'>sqq.),</span> <span class='ocrx_word' id='word_1_37' title='bbox 461 829 618 897; x_wconf 89' lang='lat' dir='ltr'>Ovidium</span> <span class='ocrx_word' id='word_1_38' title='bbox 625 831 726 915; x_wconf 88' lang='lat' dir='ltr'>(Met.</span> <span class='ocrx_word' id='word_1_39' title='bbox 744 835 773 912; x_wconf 85' lang='grc'>7,</span> <span class='ocrx_word' id='word_1_40' title='bbox 785 829 1071 915; x_wconf 74' lang='lat' dir='ltr'>518.),¹Lucanum</span> <span class='ocrx_word' id='word_1_41' title='bbox 1086 830 1159 915; x_wconf 91' lang='lat' dir='ltr'>(lib.</span> <span class='ocrx_word' id='word_1_42' title='bbox 1175 836 1206 915; x_wconf 84' lang='lat'>6,</span> <span class='ocrx_word' id='word_1_43' title='bbox 1221 835 1274 900; x_wconf 90' lang='lat'>80.</span> <span class='ocrx_word' id='word_1_44' title='bbox 1291 833 1392 918; x_wconf 90' lang='lat' dir='ltr'>sqq.),</span> 
     </span>
     <span class='ocr_line' id='line_1_7' title="bbox 268 931 1390 1018; baseline 0.004 -23"><span class='ocrx_word' id='word_1_45' title='bbox 268 931 362 1016; x_wconf 92' lang='lat' dir='ltr'>alios,</span> <span class='ocrx_word' id='word_1_46' title='bbox 384 931 547 1018; x_wconf 86' lang='lat' dir='ltr'>adquam</span> <span class='ocrx_word' id='word_1_47' title='bbox 570 955 638 996; x_wconf 89' lang='lat' dir='ltr'>rem</span> <span class='ocrx_word' id='word_1_48' title='bbox 660 934 759 1018; x_wconf 89' lang='lat' dir='ltr'>paulo</span> <span class='ocrx_word' id='word_1_49' title='bbox 776 933 861 996; x_wconf 85' lang='lat' dir='ltr'>infra</span> <span class='ocrx_word' id='word_1_50' title='bbox 875 931 999 996; x_wconf 79' lang='lat' dir='ltr'>redibo</span> <span class='ocrx_word' id='word_1_51' title='bbox 1045 931 1112 1000; x_wconf 89' lang='lat' dir='ltr'>Sed</span> <span class='ocrx_word' id='word_1_52' title='bbox 1133 955 1208 998; x_wconf 90' lang='lat' dir='ltr'>cum</span> <span class='ocrx_word' id='word_1_53' title='bbox 1230 933 1390 1000; x_wconf 84' lang='lat' dir='ltr'>hocloco</span> 
     </span>
     <span class='ocr_line' id='line_1_8' title="bbox 269 1033 1395 1122; baseline 0.004 -25"><span class='ocrx_word' id='word_1_54' title='bbox 269 1057 335 1099; x_wconf 93' lang='lat' dir='ltr'>non</span> <span class='ocrx_word' id='word_1_55' title='bbox 351 1037 458 1100; x_wconf 89' lang='lat' dir='ltr'>solum</span> <span class='ocrx_word' id='word_1_56' title='bbox 480 1035 522 1100; x_wconf 89' lang='lat' dir='ltr'>de</span> <span class='ocrx_word' id='word_1_57' title='bbox 544 1058 582 1099; x_wconf 87' lang='lat' dir='ltr'>ea</span> <span class='ocrx_word' id='word_1_58' title='bbox 602 1043 719 1118; x_wconf 88' lang='lat' dir='ltr'>morte,</span> <span class='ocrx_word' id='word_1_59' title='bbox 743 1057 827 1120; x_wconf 89' lang='lat' dir='ltr'>quae</span> <span class='ocrx_word' id='word_1_60' title='bbox 848 1034 976 1117; x_wconf 91' lang='lat' dir='ltr'>morbo,</span> <span class='ocrx_word' id='word_1_61' title='bbox 999 1033 1058 1098; x_wconf 90' lang='lat' dir='ltr'>sed</span> <span class='ocrx_word' id='word_1_62' title='bbox 1079 1036 1178 1100; x_wconf 88' lang='lat' dir='ltr'>etiam</span> <span class='ocrx_word' id='word_1_63' title='bbox 1200 1035 1242 1101; x_wconf 91' lang='lat' dir='ltr'>de</span> <span class='ocrx_word' id='word_1_64' title='bbox 1257 1060 1294 1102; x_wconf 90' lang='lat' dir='ltr'>ea</span> <span class='ocrx_word' id='word_1_65' title='bbox 1309 1061 1395 1122; x_wconf 87' lang='lat' dir='ltr'>quae</span> 
     </span>
     <span class='ocr_line' id='line_1_9' title="bbox 267 1135 1393 1224; baseline 0.003 -23"><span class='ocrx_word' id='word_1_66' title='bbox 267 1137 354 1202; x_wconf 88' lang='lat' dir='ltr'>ferro</span> <span class='ocrx_word' id='word_1_67' title='bbox 366 1139 513 1203; x_wconf 88' lang='lat' dir='ltr'>imminet</span> <span class='ocrx_word' id='word_1_68' title='bbox 528 1137 667 1221; x_wconf 89' lang='lat' dir='ltr'>dicatur,</span> <span class='ocrx_word' id='word_1_69' title='bbox 684 1135 726 1202; x_wconf 89' lang='lat' dir='ltr'>ad</span> <span class='ocrx_word' id='word_1_70' title='bbox 736 1136 826 1221; x_wconf 91' lang='lat' dir='ltr'>quod</span> <span class='ocrx_word' id='word_1_71' title='bbox 841 1137 989 1201; x_wconf 85' lang='lat' dir='ltr'>conferas</span> <span class='ocrx_word' id='word_1_72' title='bbox 1006 1136 1081 1202; x_wconf 88' lang='lat' dir='ltr'>Silii</span> <span class='ocrx_word' id='word_1_73' title='bbox 1091 1160 1206 1204; x_wconf 85' lang='lat' dir='ltr'>versus</span> <span class='ocrx_word' id='word_1_74' title='bbox 1218 1144 1290 1208; x_wconf 82' lang='grc'><strong>628.</strong></span> <span class='ocrx_word' id='word_1_75' title='bbox 1304 1163 1393 1224; x_wconf 86' lang='lat' dir='ltr'>sqq.:</span> 
     </span>
    </p>
   </div>
   <div class='ocr_carea' id='block_1_3' title="bbox 434 1271 1213 1781">
    <p class='ocr_par' dir='ltr' id='par_1_3' title="bbox 434 1271 1213 1781">
     <span class='ocr_line' id='line_1_10' title="bbox 831 1271 1076 1341; baseline 0 -15"><span class='ocrx_word' id='word_1_76' title='bbox 831 1273 889 1327; x_wconf 92' lang='lat' dir='ltr'>itur</span> <span class='ocrx_word' id='word_1_77' title='bbox 905 1272 936 1324; x_wconf 93' lang='lat' dir='ltr'>in</span> <span class='ocrx_word' id='word_1_78' title='bbox 952 1271 1076 1341; x_wconf 88' lang='lat' dir='ltr'>hostem;</span> 
     </span>
     <span class='ocr_line' id='line_1_11' title="bbox 435 1359 1102 1431; baseline -0.003 -15"><span class='ocrx_word' id='word_1_79' title='bbox 435 1362 473 1416; x_wconf 84' lang='lat' dir='ltr'>Et</span> <span class='ocrx_word' id='word_1_80' title='bbox 492 1361 516 1418; x_wconf 88' lang='lat' dir='ltr'>si</span> <span class='ocrx_word' id='word_1_81' title='bbox 534 1361 592 1417; x_wconf 85' lang='lat' dir='ltr'>fata</span> <span class='ocrx_word' id='word_1_82' title='bbox 609 1361 700 1417; x_wconf 86' lang='lat' dir='ltr'>ferant</span> <span class='ocrx_word' id='word_1_83' title='bbox 714 1363 793 1431; x_wconf 86' lang='lat' dir='ltr'>juvat</span> <span class='ocrx_word' id='word_1_84' title='bbox 811 1361 885 1416; x_wconf 81' lang='lat' dir='ltr'>inter</span> <span class='ocrx_word' id='word_1_85' title='bbox 902 1359 1010 1430; x_wconf 85' lang='lat' dir='ltr'>proelia</span> <span class='ocrx_word' id='word_1_86' title='bbox 1027 1359 1102 1414; x_wconf 84' lang='lat' dir='ltr'>ferro</span> 
     </span>
     <span class='ocr_line' id='line_1_12' title="bbox 435 1447 1213 1518; baseline 0.004 -15"><span class='ocrx_word' id='word_1_87' title='bbox 435 1451 521 1504; x_wconf 88' lang='lat' dir='ltr'>Posse</span> <span class='ocrx_word' id='word_1_88' title='bbox 539 1449 619 1505; x_wconf 87' lang='lat' dir='ltr'>mori.</span> <span class='ocrx_word' id='word_1_89' title='bbox 655 1449 766 1506; x_wconf 87' lang='lat' dir='ltr'>Socium</span> <span class='ocrx_word' id='word_1_90' title='bbox 783 1449 905 1517; x_wconf 84' lang='lat' dir='ltr'>miseret,</span> <span class='ocrx_word' id='word_1_91' title='bbox 923 1447 971 1515; x_wconf 90' lang='lat' dir='ltr'>qui</span> <span class='ocrx_word' id='word_1_92' title='bbox 989 1453 1064 1502; x_wconf 85' lang='lat' dir='ltr'>sorte</span> <span class='ocrx_word' id='word_1_93' title='bbox 1082 1449 1213 1518; x_wconf 84' lang='lat' dir='ltr'>pudenda</span> 
     </span>
     <span class='ocr_line' id='line_1_13' title="bbox 434 1529 1171 1607; baseline 0 -17"><span class='ocrx_word' id='word_1_94' title='bbox 434 1537 467 1590; x_wconf 93' lang='lat' dir='ltr'>In</span> <span class='ocrx_word' id='word_1_95' title='bbox 485 1555 592 1592; x_wconf 88' lang='lat' dir='ltr'>morem</span> <span class='ocrx_word' id='word_1_96' title='bbox 608 1538 745 1607; x_wconf 84' lang='lat' dir='ltr'>pecudum</span> <span class='ocrx_word' id='word_1_97' title='bbox 762 1535 884 1590; x_wconf 87' lang='lat' dir='ltr'>effudere</span> <span class='ocrx_word' id='word_1_98' title='bbox 895 1577 987 1590; x_wconf 85' lang='grc'>......</span> <span class='ocrx_word' id='word_1_99' title='bbox 999 1529 1119 1588; x_wconf 85' lang='lat' dir='ltr'>animam</span> <span class='ocrx_word' id='word_1_100' title='bbox 1131 1578 1136 1589; x_wconf 87' lang='lat'>.</span> <span class='ocrx_word' id='word_1_101' title='bbox 1149 1579 1171 1590; x_wconf 94' lang='lat'>..</span> 
     </span>
     <span class='ocr_line' id='line_1_14' title="bbox 514 1623 934 1694; baseline -0.01 -13.783"><span class='ocrx_word' id='word_1_102' title='bbox 514 1625 559 1681; x_wconf 86' lang='lat' dir='ltr'>vel</span> <span class='ocrx_word' id='word_1_103' title='bbox 577 1625 653 1679; x_wconf 92' lang='lat' dir='ltr'>nullo</span> <span class='ocrx_word' id='word_1_104' title='bbox 669 1623 789 1694; x_wconf 81' lang='lat' dir='ltr'>jacuisse</span> <span class='ocrx_word' id='word_1_105' title='bbox 807 1625 934 1692; x_wconf 87' lang='lat' dir='ltr'>sepulcro</span> 
     </span>
     <span class='ocr_line' id='line_1_15' title="bbox 436 1711 974 1781; baseline -0.007 -13"><span class='ocrx_word' id='word_1_106' title='bbox 436 1713 524 1781; x_wconf 78' lang='lat' dir='ltr'>Quam</span> <span class='ocrx_word' id='word_1_107' title='bbox 544 1711 679 1768; x_wconf 84' lang='lat' dir='ltr'>debellari</span> <span class='ocrx_word' id='word_1_108' title='bbox 696 1711 801 1766; x_wconf 90' lang='lat' dir='ltr'>morbis</span> <span class='ocrx_word' id='word_1_109' title='bbox 818 1713 911 1780; x_wconf 88' lang='lat' dir='ltr'>placet</span> <span class='ocrx_word' id='word_1_110' title='bbox 923 1753 930 1765; x_wconf 91' lang='lat'><strong>.</strong></span> <span class='ocrx_word' id='word_1_111' title='bbox 941 1752 947 1765; x_wconf 92' lang='lat'><strong>.</strong></span> <span class='ocrx_word' id='word_1_112' title='bbox 958 1751 974 1778; x_wconf 90' lang='lat'>.,</span> 
     </span>
    </p>
   </div>
   <div class='ocr_carea' id='block_1_4' title="bbox 272 1831 1396 2230">
    <p class='ocr_par' dir='ltr' id='par_1_4' title="bbox 272 1831 1396 2230">
     <span class='ocr_line' id='line_1_16' title="bbox 272 1831 1396 1917; baseline 0.003 -18"><span class='ocrx_word' id='word_1_113' title='bbox 272 1859 339 1899; x_wconf 93' lang='lat' dir='ltr'>non</span> <span class='ocrx_word' id='word_1_114' title='bbox 365 1832 480 1898; x_wconf 85' lang='lat' dir='ltr'>dubito</span> <span class='ocrx_word' id='word_1_115' title='bbox 507 1833 572 1899; x_wconf 93' lang='lat' dir='ltr'>huc</span> <span class='ocrx_word' id='word_1_116' title='bbox 600 1833 719 1898; x_wconf 87' lang='lat' dir='ltr'>referre</span> <span class='ocrx_word' id='word_1_117' title='bbox 744 1831 931 1896; x_wconf 84' lang='lat' dir='ltr'>Ennianum</span> <span class='ocrx_word' id='word_1_118' title='bbox 958 1852 1089 1896; x_wconf 89' lang='lat' dir='ltr'>versum</span> <span class='ocrx_word' id='word_1_119' title='bbox 1122 1831 1223 1917; x_wconf 89' lang='lat' dir='ltr'>(inter</span> <span class='ocrx_word' id='word_1_120' title='bbox 1251 1834 1396 1902; x_wconf 86' lang='lat' dir='ltr'>incertae</span> 
     </span>
     <span class='ocr_line' id='line_1_17' title="bbox 273 1936 734 2023; baseline -0.007 -22"><span class='ocrx_word' id='word_1_121' title='bbox 273 1936 360 2002; x_wconf 86' lang='lat' dir='ltr'>sedis</span> <span class='ocrx_word' id='word_1_122' title='bbox 381 1937 564 2023; x_wconf 85' lang='lat' dir='ltr'>fragmenta</span> <span class='ocrx_word' id='word_1_123' title='bbox 585 1961 616 2004; x_wconf 87' lang='lat' dir='ltr'>v.</span> <span class='ocrx_word' id='word_1_124' title='bbox 628 1936 734 2021; x_wconf 76' lang='lat'>549.):</span> 
     </span>
     <span class='ocr_line' id='line_1_18' title="bbox 493 2035 1173 2108; baseline -0.001 -15"><span class='ocrx_word' id='word_1_125' title='bbox 493 2039 551 2093; x_wconf 84' lang='lat' dir='ltr'>Hos</span> <span class='ocrx_word' id='word_1_126' title='bbox 569 2039 656 2108; x_wconf 88' lang='lat' dir='ltr'>pestis</span> <span class='ocrx_word' id='word_1_127' title='bbox 675 2039 777 2104; x_wconf 85' lang='lat' dir='ltr'>necuit,</span> <span class='ocrx_word' id='word_1_128' title='bbox 794 2056 859 2108; x_wconf 88' lang='lat' dir='ltr'>pars</span> <span class='ocrx_word' id='word_1_129' title='bbox 879 2037 980 2090; x_wconf 86' lang='lat' dir='ltr'>occidit</span> <span class='ocrx_word' id='word_1_130' title='bbox 998 2035 1046 2089; x_wconf 86' lang='lat' dir='ltr'>illa</span> <span class='ocrx_word' id='word_1_131' title='bbox 1064 2035 1173 2092; x_wconf 89' lang='lat' dir='ltr'>duellis.</span> 
     </span>
     <span class='ocr_line' id='line_1_19' title="bbox 357 2140 1395 2230; baseline -0.004 -16"><span class='ocrx_word' id='word_1_132' title='bbox 357 2150 426 2229; x_wconf 64' lang='lat'>20,</span> <span class='ocrx_word' id='word_1_133' title='bbox 449 2143 524 2208; x_wconf 86' lang='lat' dir='ltr'>Hac</span> <span class='ocrx_word' id='word_1_134' title='bbox 550 2144 584 2206; x_wconf 91' lang='lat' dir='ltr'>in</span> <span class='ocrx_word' id='word_1_135' title='bbox 610 2166 721 2230; x_wconf 84' lang='lat' dir='ltr'>pugna</span> <span class='ocrx_word' id='word_1_136' title='bbox 745 2140 908 2207; x_wconf 84' lang='lat' dir='ltr'>Cannensi</span> <span class='ocrx_word' id='word_1_137' title='bbox 934 2140 975 2206; x_wconf 89' lang='lat' dir='ltr'>L.</span> <span class='ocrx_word' id='word_1_138' title='bbox 998 2140 1160 2207; x_wconf 82' lang='lat' dir='ltr'>Aemilius</span> <span class='ocrx_word' id='word_1_139' title='bbox 1183 2142 1319 2210; x_wconf 85' lang='lat' dir='ltr'>Paullus</span> <span class='ocrx_word' id='word_1_140' title='bbox 1342 2169 1395 2210; x_wconf 89' lang='lat' dir='ltr'>ce·</span> 
     </span>
    </p>
   </div>
   <div class='ocr_carea' id='block_1_5' title="bbox 273 2243 1395 2418">
    <p class='ocr_par' dir='ltr' id='par_1_5' title="bbox 273 2243 1395 2418">
     <span class='ocr_line' id='line_1_20' title="bbox 273 2243 1394 2334; baseline -0.001 -20"><span class='ocrx_word' id='word_1_141' title='bbox 273 2249 398 2314; x_wconf 87' lang='lat' dir='ltr'>ciderat</span> <span class='ocrx_word' id='word_1_142' title='bbox 419 2245 604 2330; x_wconf 85' lang='lat' dir='ltr'>militesque</span> <span class='ocrx_word' id='word_1_143' title='bbox 619 2268 771 2332; x_wconf 90' lang='lat' dir='ltr'>campum</span> <span class='ocrx_word' id='word_1_144' title='bbox 791 2243 969 2309; x_wconf 87' lang='lat' dir='ltr'>lustrantes</span> <span class='ocrx_word' id='word_1_145' title='bbox 992 2243 1063 2327; x_wconf 90' lang='lat' dir='ltr'>(lib.</span> <span class='ocrx_word' id='word_1_146' title='bbox 1083 2249 1132 2328; x_wconf 90' lang='grc'>10,</span> <span class='ocrx_word' id='word_1_147' title='bbox 1154 2270 1184 2310; x_wconf 92' lang='lat' dir='ltr'>v.</span> <span class='ocrx_word' id='word_1_148' title='bbox 1207 2249 1280 2314; x_wconf 75' lang='lat'><strong>504.</strong></span> <span class='ocrx_word' id='word_1_149' title='bbox 1304 2249 1394 2334; x_wconf 86' lang='lat' dir='ltr'>sqq.)</span> 
     </span>
     <span class='ocr_line' id='line_1_21' title="bbox 274 2326 1395 2418; baseline -0.004 -18"><span class='ocrx_word' id='word_1_150' title='bbox 274 2333 413 2400; x_wconf 86' lang='lat' dir='ltr'>cadaver</span> <span class='ocrx_word' id='word_1_151' title='bbox 435 2334 505 2417; x_wconf 88' lang='lat' dir='ltr'>ejus</span> <span class='ocrx_word' id='word_1_152' title='bbox 527 2332 704 2418; x_wconf 90' lang='lat' dir='ltr'>reperiunt.</span> <span class='ocrx_word' id='word_1_153' title='bbox 748 2330 908 2395; x_wconf 85' lang='lat' dir='ltr'>Laetatur</span> <span class='ocrx_word' id='word_1_154' title='bbox 923 2326 1056 2414; x_wconf 89' lang='lat' dir='ltr'>quidem</span> <span class='ocrx_word' id='word_1_155' title='bbox 1070 2329 1239 2395; x_wconf 90' lang='lat' dir='ltr'>Hannibal</span> <span class='ocrx_word' id='word_1_156' title='bbox 1254 2331 1395 2396; x_wconf 78' lang='lat' dir='ltr'>detenti</span> 
     </span>
    </p>
   </div>
   <div class='ocr_carea' id='block_1_6' title="bbox 274 2429 1395 2630">
    <p class='ocr_par' dir='ltr' id='par_1_6' title="bbox 274 2429 1395 2630">
     <span class='ocr_line' id='line_1_22' title="bbox 274 2429 1395 2521; baseline -0.004 -20"><span class='ocrx_word' id='word_1_157' title='bbox 274 2437 338 2501; x_wconf 89' lang='lat' dir='ltr'>viri</span> <span class='ocrx_word' id='word_1_158' title='bbox 359 2443 478 2514; x_wconf 82' lang='lat' dir='ltr'>morte3</span> <span class='ocrx_word' id='word_1_159' title='bbox 503 2432 561 2500; x_wconf 87' lang='lat' dir='ltr'>sed</span> <span class='ocrx_word' id='word_1_160' title='bbox 580 2434 718 2502; x_wconf 90' lang='lat' dir='ltr'>similem</span> <span class='ocrx_word' id='word_1_161' title='bbox 739 2440 878 2498; x_wconf 87' lang='lat' dir='ltr'>mortem</span> <span class='ocrx_word' id='word_1_162' title='bbox 901 2429 1076 2516; x_wconf 89' lang='lat' dir='ltr'>aliquando</span> <span class='ocrx_word' id='word_1_163' title='bbox 1101 2432 1164 2498; x_wconf 88' lang='lat' dir='ltr'>sibi</span> <span class='ocrx_word' id='word_1_164' title='bbox 1185 2443 1322 2521; x_wconf 88' lang='lat' dir='ltr'>exoptat</span> <span class='ocrx_word' id='word_1_165' title='bbox 1344 2442 1395 2498; x_wconf 88' lang='lat' dir='ltr'>at-</span> 
     </span>
     <span class='ocr_line' id='line_1_23' title="bbox 275 2534 1395 2630; baseline -0.003 -27"><span class='ocrx_word' id='word_1_166' title='bbox 275 2563 339 2624; x_wconf 88' lang='lat' dir='ltr'>quc</span> <span class='ocrx_word' id='word_1_167' title='bbox 376 2560 494 2624; x_wconf 82' lang='lat' dir='ltr'>rogum</span> <span class='ocrx_word' id='word_1_168' title='bbox 543 2538 669 2602; x_wconf 87' lang='lat' dir='ltr'>exstrui</span> <span class='ocrx_word' id='word_1_169' title='bbox 702 2536 806 2622; x_wconf 89' lang='lat' dir='ltr'>jubet.</span> <span class='ocrx_word' id='word_1_170' title='bbox 862 2534 939 2630; x_wconf 67' lang='lat' dir='ltr'>dam</span> <span class='ocrx_word' id='word_1_171' title='bbox 979 2544 1160 2618; x_wconf 88' lang='lat' dir='ltr'>sequuntur</span> <span class='ocrx_word' id='word_1_172' title='bbox 1203 2535 1237 2600; x_wconf 92' lang='lat' dir='ltr'>hi</span> <span class='ocrx_word' id='word_1_173' title='bbox 1280 2559 1395 2602; x_wconf 86' lang='lat' dir='ltr'>versus</span> 
     </span>
    </p>
   </div>
   <div class='ocr_carea' id='block_1_7' title="bbox 275 2641 546 2727">
    <p class='ocr_par' dir='ltr' id='par_1_7' title="bbox 275 2641 546 2727">
     <span class='ocr_line' id='line_1_24' title="bbox 275 2641 546 2727; baseline -0.018 -20"><span class='ocrx_word' id='word_1_174' title='bbox 275 2643 321 2727; x_wconf 88' lang='lat' dir='ltr'>(v.</span> <span class='ocrx_word' id='word_1_175' title='bbox 344 2645 417 2710; x_wconf 79' lang='lat'>527.</span> <span class='ocrx_word' id='word_1_176' title='bbox 441 2641 546 2725; x_wconf 88' lang='lat' dir='ltr'>sqq.):</span> 
     </span>
    </p>
   </div>
   <div class='ocr_carea' id='block_1_8' title="bbox 349 2758 1256 3441">
    <p class='ocr_par' dir='ltr' id='par_1_8' title="bbox 735 2758 1039 2828">
     <span class='ocr_line' id='line_1_25' title="bbox 735 2758 1039 2828; baseline 0.003 -16"><span class='ocrx_word' id='word_1_177' title='bbox 735 2759 806 2814; x_wconf 88' lang='lat' dir='ltr'>Tum</span> <span class='ocrx_word' id='word_1_178' title='bbox 824 2777 938 2814; x_wconf 88' lang='lat' dir='ltr'>munera</span> <span class='ocrx_word' id='word_1_179' title='bbox 954 2758 1039 2828; x_wconf 86' lang='lat' dir='ltr'>jussa,</span> 
     </span>
    </p>

    <p class='ocr_par' dir='ltr' id='par_1_9' title="bbox 349 2847 1256 3092">
     <span class='ocr_line' id='line_1_26' title="bbox 349 2847 1256 2918; baseline -0.009 -12"><span class='ocrx_word' id='word_1_180' title='bbox 349 2875 364 2906; x_wconf 81' lang='grc' dir='ltr'>ι</span> <span class='ocrx_word' id='word_1_181' title='bbox 417 2849 525 2906; x_wconf 81' lang='lat' dir='ltr'>Defessi</span> <span class='ocrx_word' id='word_1_182' title='bbox 544 2864 712 2918; x_wconf 86' lang='lat' dir='ltr'>quamquam</span> <span class='ocrx_word' id='word_1_183' title='bbox 729 2848 897 2914; x_wconf 87' lang='lat' dir='ltr'>accelerant,</span> <span class='ocrx_word' id='word_1_184' title='bbox 916 2863 1066 2918; x_wconf 85' lang='lat' dir='ltr'>sparsoque</span> <span class='ocrx_word' id='word_1_185' title='bbox 1084 2847 1256 2916; x_wconf 86' lang='lat' dir='ltr'>propinquos</span> 
     </span>
     <span class='ocr_line' id='line_1_27' title="bbox 415 2935 1150 3007; baseline -0.004 -17"><span class='ocrx_word' id='word_1_186' title='bbox 415 2937 534 3007; x_wconf 81' lang='lat' dir='ltr'>Agmine</span> <span class='ocrx_word' id='word_1_187' title='bbox 551 2939 734 3006; x_wconf 71' lang='lat' dir='ltr'>prosternunt</span> <span class='ocrx_word' id='word_1_188' title='bbox 750 2935 839 2990; x_wconf 88' lang='lat' dir='ltr'>lucos:</span> <span class='ocrx_word' id='word_1_189' title='bbox 859 2939 940 2989; x_wconf 88' lang='lat' dir='ltr'>sonat</span> <span class='ocrx_word' id='word_1_190' title='bbox 957 2939 1018 2989; x_wconf 86' lang='lat' dir='ltr'>acta</span> <span class='ocrx_word' id='word_1_191' title='bbox 1035 2935 1150 3003; x_wconf 89' lang='lat' dir='ltr'>bipenni</span> 
     </span>
     <span class='ocr_line' id='line_1_28' title="bbox 416 3022 1182 3092; baseline -0.007 -13"><span class='ocrx_word' id='word_1_192' title='bbox 416 3023 569 3079; x_wconf 74' lang='lat' dir='ltr'>Frondouis</span> <span class='ocrx_word' id='word_1_193' title='bbox 588 3023 658 3077; x_wconf 88' lang='lat' dir='ltr'>silva</span> <span class='ocrx_word' id='word_1_194' title='bbox 675 3023 732 3078; x_wconf 83' lang='lat' dir='ltr'>alta</span> <span class='ocrx_word' id='word_1_195' title='bbox 746 3022 831 3092; x_wconf 81' lang='lat' dir='ltr'>jugis.</span> <span class='ocrx_word' id='word_1_196' title='bbox 866 3023 939 3077; x_wconf 86' lang='lat' dir='ltr'>Hinc</span> <span class='ocrx_word' id='word_1_197' title='bbox 955 3040 1038 3076; x_wconf 90' lang='lat' dir='ltr'>ornus</span> <span class='ocrx_word' id='word_1_198' title='bbox 1058 3027 1086 3077; x_wconf 89' lang='lat' dir='ltr'>et</span> <span class='ocrx_word' id='word_1_199' title='bbox 1104 3023 1182 3075; x_wconf 87' lang='lat' dir='ltr'>albae</span> 
     </span>
    </p>

    <p class='ocr_par' dir='ltr' id='par_1_10' title="bbox 364 3111 1187 3441">
     <span class='ocr_line' id='line_1_29' title="bbox 364 3111 1126 3186; baseline -0.005 -20"><span class='ocrx_word' id='word_1_200' title='bbox 364 3145 368 3154; x_wconf 91' lang='lat'>·</span> <span class='ocrx_word' id='word_1_201' title='bbox 416 3113 539 3186; x_wconf 87' lang='lat' dir='ltr'>Populus</span> <span class='ocrx_word' id='word_1_202' title='bbox 557 3111 630 3165; x_wconf 86' lang='lat' dir='ltr'>alma</span> <span class='ocrx_word' id='word_1_203' title='bbox 649 3127 752 3178; x_wconf 87' lang='lat' dir='ltr'>comae,</span> <span class='ocrx_word' id='word_1_204' title='bbox 771 3111 870 3165; x_wconf 85' lang='lat' dir='ltr'>validis</span> <span class='ocrx_word' id='word_1_205' title='bbox 890 3111 979 3164; x_wconf 86' lang='lat' dir='ltr'>accisa</span> <span class='ocrx_word' id='word_1_206' title='bbox 997 3111 1126 3176; x_wconf 60' lang='lat' dir='ltr'>lacertis·</span> 
     </span>
     <span class='ocr_line' id='line_1_30' title="bbox 417 3197 1141 3268; baseline -0.006 -14"><span class='ocrx_word' id='word_1_207' title='bbox 417 3200 567 3267; x_wconf 88' lang='lat' dir='ltr'>Scinditur,</span> <span class='ocrx_word' id='word_1_208' title='bbox 586 3198 651 3252; x_wconf 86' lang='lat' dir='ltr'>hine</span> <span class='ocrx_word' id='word_1_209' title='bbox 668 3199 724 3252; x_wconf 83' lang='lat' dir='ltr'>ilex</span> <span class='ocrx_word' id='word_1_210' title='bbox 741 3215 910 3268; x_wconf 86' lang='lat' dir='ltr'>proavorum</span> <span class='ocrx_word' id='word_1_211' title='bbox 928 3197 1041 3252; x_wconf 84' lang='lat' dir='ltr'>condita</span> <span class='ocrx_word' id='word_1_212' title='bbox 1059 3198 1141 3250; x_wconf 88' lang='lat' dir='ltr'>seclo.</span> 
     </span>
     <span class='ocr_line' id='line_1_31' title="bbox 417 3284 1187 3360; baseline -0.005 -21"><span class='ocrx_word' id='word_1_213' title='bbox 417 3286 576 3340; x_wconf 84' lang='lat' dir='ltr'>Devolvunt</span> <span class='ocrx_word' id='word_1_214' title='bbox 593 3303 709 3354; x_wconf 88' lang='lat' dir='ltr'>quercus</span> <span class='ocrx_word' id='word_1_215' title='bbox 728 3290 756 3339; x_wconf 88' lang='lat' dir='ltr'>et</span> <span class='ocrx_word' id='word_1_216' title='bbox 774 3290 912 3340; x_wconf 84' lang='lat' dir='ltr'>amantem</span> <span class='ocrx_word' id='word_1_217' title='bbox 930 3286 1013 3338; x_wconf 84' lang='lat' dir='ltr'>litora</span> <span class='ocrx_word' id='word_1_218' title='bbox 1030 3284 1136 3357; x_wconf 83' lang='lat' dir='ltr'>pinum,</span> <span class='ocrx_word' id='word_1_219' title='bbox 1183 3349 1187 3360; x_wconf 38' lang='grc' dir='ltr'>Ι</span> 
     </span>
     <span class='ocr_line' id='line_1_32' title="bbox 418 3372 1147 3441; baseline -0.003 -13"><span class='ocrx_word' id='word_1_220' title='bbox 418 3375 472 3441; x_wconf 85' lang='lat' dir='ltr'>Ac,</span> <span class='ocrx_word' id='word_1_221' title='bbox 495 3373 581 3428; x_wconf 81' lang='lat' dir='ltr'>ferale</span> <span class='ocrx_word' id='word_1_222' title='bbox 600 3374 684 3428; x_wconf 85' lang='lat' dir='ltr'>decus</span> <span class='ocrx_word' id='word_1_223' title='bbox 701 3376 820 3426; x_wconf 87' lang='lat' dir='ltr'>maestas</span> <span class='ocrx_word' id='word_1_224' title='bbox 838 3372 874 3427; x_wconf 88' lang='lat' dir='ltr'>ad</span> <span class='ocrx_word' id='word_1_225' title='bbox 892 3373 974 3426; x_wconf 85' lang='lat' dir='ltr'>busta</span> <span class='ocrx_word' id='word_1_226' title='bbox 992 3388 1147 3440; x_wconf 85' lang='lat' dir='ltr'>cupressos.</span> 
     </span>
    </p>
   </div>
   <div class='ocr_carea' id='block_1_9' title="bbox 222 3489 1448 4194">
    <p class='ocr_par' dir='ltr' id='par_1_11' title="bbox 222 3489 1448 4194">
     <span class='ocr_line' id='line_1_33' title="bbox 280 3489 1397 3579; baseline -0.001 -17"><span class='ocrx_word' id='word_1_227' title='bbox 280 3497 355 3562; x_wconf 85' lang='lat' dir='ltr'>Hac</span> <span class='ocrx_word' id='word_1_228' title='bbox 388 3493 428 3558; x_wconf 90' lang='lat' dir='ltr'>de</span> <span class='ocrx_word' id='word_1_229' title='bbox 457 3517 492 3558; x_wconf 90' lang='lat' dir='ltr'>re</span> <span class='ocrx_word' id='word_1_230' title='bbox 518 3493 635 3558; x_wconf 85' lang='lat' dir='ltr'>Livius</span> <span class='ocrx_word' id='word_1_231' title='bbox 668 3514 832 3579; x_wconf 87' lang='lat' dir='ltr'>perpauca</span> <span class='ocrx_word' id='word_1_232' title='bbox 861 3490 973 3556; x_wconf 90' lang='lat' dir='ltr'>tradit.</span> <span class='ocrx_word' id='word_1_233' title='bbox 1017 3489 1112 3556; x_wconf 90' lang='lat' dir='ltr'>Dicit</span> <span class='ocrx_word' id='word_1_234' title='bbox 1144 3493 1230 3556; x_wconf 89' lang='lat' dir='ltr'>enim</span> <span class='ocrx_word' id='word_1_235' title='bbox 1262 3492 1318 3559; x_wconf 90' lang='lat' dir='ltr'>lib.</span> <span class='ocrx_word' id='word_1_236' title='bbox 1345 3497 1397 3576; x_wconf 78' lang='lat'>22,</span> 
     </span>
     <span class='ocr_line' id='line_1_34' title="bbox 222 3593 1396 3684; baseline -0.003 -20"><span class='ocrx_word' id='word_1_237' title='bbox 222 3610 225 3616; x_wconf 90' lang='lat'>&#39;</span> <span class='ocrx_word' id='word_1_238' title='bbox 279 3622 350 3684; x_wconf 83' lang='lat' dir='ltr'>cap.</span> <span class='ocrx_word' id='word_1_239' title='bbox 378 3600 429 3666; x_wconf 76' lang='lat'>52.</span> <span class='ocrx_word' id='word_1_240' title='bbox 457 3597 624 3663; x_wconf 88' lang='lat' dir='ltr'>consulem</span> <span class='ocrx_word' id='word_1_241' title='bbox 650 3618 782 3681; x_wconf 90' lang='lat' dir='ltr'>quoque</span> <span class='ocrx_word' id='word_1_242' title='bbox 809 3593 992 3660; x_wconf 87' lang='lat' dir='ltr'>Romanum</span> <span class='ocrx_word' id='word_1_243' title='bbox 1022 3594 1079 3679; x_wconf 84' lang='lat' dir='ltr'>(L.</span> <span class='ocrx_word' id='word_1_244' title='bbox 1101 3595 1296 3681; x_wconf 90' lang='lat' dir='ltr'>Aemilium)</span> <span class='ocrx_word' id='word_1_245' title='bbox 1319 3619 1396 3660; x_wconf 88' lang='lat' dir='ltr'>con-</span> 
     </span>
     <span class='ocr_line' id='line_1_35' title="bbox 279 3699 1396 3786; baseline -0.004 -21"><span class='ocrx_word' id='word_1_246' title='bbox 279 3700 438 3786; x_wconf 89' lang='lat' dir='ltr'>quisitum</span> <span class='ocrx_word' id='word_1_247' title='bbox 461 3700 690 3786; x_wconf 86' lang='lat' dir='ltr'>sepultumque</span> <span class='ocrx_word' id='word_1_248' title='bbox 710 3699 840 3784; x_wconf 80' lang='lat' dir='ltr'>quidam</span> <span class='ocrx_word' id='word_1_249' title='bbox 855 3709 993 3762; x_wconf 65' lang='lat' dir='ltr'>auderes</span> <span class='ocrx_word' id='word_1_250' title='bbox 1009 3707 1100 3776; x_wconf 83' lang='lat' dir='ltr'>suut3</span> <span class='ocrx_word' id='word_1_251' title='bbox 1123 3706 1156 3762; x_wconf 87' lang='lat' dir='ltr'>et</span> <span class='ocrx_word' id='word_1_252' title='bbox 1179 3699 1276 3784; x_wconf 87' lang='lat' dir='ltr'>paulo</span> <span class='ocrx_word' id='word_1_253' title='bbox 1297 3699 1396 3763; x_wconf 89' lang='lat' dir='ltr'>infra:</span> 
     </span>
     <span class='ocr_line' id='line_1_36' title="bbox 278 3801 1398 3890; baseline -0.001 -23"><span class='ocrx_word' id='word_1_254' title='bbox 278 3813 350 3868; x_wconf 90' lang='lat' dir='ltr'>tum</span> <span class='ocrx_word' id='word_1_255' title='bbox 373 3802 550 3890; x_wconf 87' lang='lat' dir='ltr'>sepeliendi</span> <span class='ocrx_word' id='word_1_256' title='bbox 565 3824 664 3868; x_wconf 87' lang='lat' dir='ltr'>causa</span> <span class='ocrx_word' id='word_1_257' title='bbox 679 3801 820 3866; x_wconf 89' lang='lat' dir='ltr'>conferri</span> <span class='ocrx_word' id='word_1_258' title='bbox 834 3802 869 3866; x_wconf 89' lang='lat' dir='ltr'>in</span> <span class='ocrx_word' id='word_1_259' title='bbox 890 3823 990 3864; x_wconf 92' lang='lat' dir='ltr'>unum</span> <span class='ocrx_word' id='word_1_260' title='bbox 1013 3823 1152 3888; x_wconf 89' lang='lat' dir='ltr'>corpora</span> <span class='ocrx_word' id='word_1_261' title='bbox 1175 3825 1308 3867; x_wconf 88' lang='lat' dir='ltr'>suorum</span> <span class='ocrx_word' id='word_1_262' title='bbox 1327 3804 1398 3886; x_wconf 87' lang='lat' dir='ltr'>jus-</span> 
     </span>
     <span class='ocr_line' id='line_1_37' title="bbox 279 3903 1398 3990; baseline -0.007 -16"><span class='ocrx_word' id='word_1_263' title='bbox 279 3907 333 3974; x_wconf 88' lang='lat' dir='ltr'>sit.</span> <span class='ocrx_word' id='word_1_264' title='bbox 377 3906 472 3972; x_wconf 85' lang='lat' dir='ltr'>Haeo</span> <span class='ocrx_word' id='word_1_265' title='bbox 497 3907 606 3972; x_wconf 88' lang='lat' dir='ltr'>omnia</span> <span class='ocrx_word' id='word_1_266' title='bbox 631 3913 707 3970; x_wconf 85' lang='lat' dir='ltr'>sunt</span> <span class='ocrx_word' id='word_1_267' title='bbox 734 3903 824 3970; x_wconf 81' lang='lat' dir='ltr'>Livii</span> <span class='ocrx_word' id='word_1_268' title='bbox 849 3903 1000 3990; x_wconf 83' lang='lat' dir='ltr'>vestigia.</span> <span class='ocrx_word' id='word_1_269' title='bbox 1043 3905 1125 3970; x_wconf 90' lang='lat' dir='ltr'>Illos</span> <span class='ocrx_word' id='word_1_270' title='bbox 1153 3913 1265 3970; x_wconf 86' lang='lat' dir='ltr'>autem</span> <span class='ocrx_word' id='word_1_271' title='bbox 1284 3925 1398 3970; x_wconf 89' lang='lat' dir='ltr'>versus</span> 
     </span>
     <span class='ocr_line' id='line_1_38' title="bbox 280 3995 1398 4094; baseline -0.005 -20"><span class='ocrx_word' id='word_1_272' title='bbox 280 3995 496 4074; x_wconf 78' lang='lat' dir='ltr'>imitationem</span> <span class='ocrx_word' id='word_1_273' title='bbox 518 4031 588 4076; x_wconf 90' lang='lat' dir='ltr'>esse</span> <span class='ocrx_word' id='word_1_274' title='bbox 611 4007 767 4094; x_wconf 83' lang='lat' dir='ltr'>Vergilii,</span> <span class='ocrx_word' id='word_1_275' title='bbox 789 4008 983 4094; x_wconf 88' lang='lat' dir='ltr'>interpretes</span> <span class='ocrx_word' id='word_1_276' title='bbox 1007 4006 1081 4076; x_wconf 88' lang='lat' dir='ltr'>Silii</span> <span class='ocrx_word' id='word_1_277' title='bbox 1103 4004 1343 4072; x_wconf 84' lang='lat' dir='ltr'>adnotaverunt</span> <span class='ocrx_word' id='word_1_278' title='bbox 1365 4015 1398 4069; x_wconf 86' lang='lat' dir='ltr'>ot</span> 
     </span>
     <span class='ocr_line' id='line_1_39' title="bbox 280 4108 1448 4194; baseline -0.004 -15"><span class='ocrx_word' id='word_1_279' title='bbox 280 4113 369 4180; x_wconf 90' lang='lat' dir='ltr'>illius</span> <span class='ocrx_word' id='word_1_280' title='bbox 397 4109 528 4194; x_wconf 89' lang='lat' dir='ltr'>quidem</span> <span class='ocrx_word' id='word_1_281' title='bbox 554 4112 619 4176; x_wconf 91' lang='lat' dir='ltr'>loci</span> <span class='ocrx_word' id='word_1_282' title='bbox 646 4111 702 4176; x_wconf 92' lang='lat' dir='ltr'>lib.</span> <span class='ocrx_word' id='word_1_283' title='bbox 730 4111 814 4176; x_wconf 88' lang='lat' dir='ltr'>Aen.</span> <span class='ocrx_word' id='word_1_284' title='bbox 843 4115 873 4178; x_wconf 80' lang='lat'>6.</span> <span class='ocrx_word' id='word_1_285' title='bbox 907 4137 937 4176; x_wconf 83' lang='lat' dir='ltr'>v.</span> <span class='ocrx_word' id='word_1_286' title='bbox 969 4115 1038 4178; x_wconf 85' lang='grc'><strong>176.</strong></span> <span class='ocrx_word' id='word_1_287' title='bbox 1062 4133 1150 4193; x_wconf 89' lang='lat' dir='ltr'>sqq.,</span> <span class='ocrx_word' id='word_1_288' title='bbox 1184 4108 1241 4172; x_wconf 90' lang='lat' dir='ltr'>ubi</span> <span class='ocrx_word' id='word_1_289' title='bbox 1267 4110 1397 4174; x_wconf 82' lang='lat' dir='ltr'>Aeneas</span> <span class='ocrx_word' id='word_1_290' title='bbox 1445 4109 1448 4114; x_wconf 60' lang='grc'>“</span> 
     </span>
    </p>
   </div>
   <div class='ocr_carea' id='block_1_10' title="bbox 0 0 1561 4880">
    <p class='ocr_par' dir='ltr' id='par_1_12' title="bbox 0 0 1561 4880">
     <span class='ocr_line' id='line_1_40' title="bbox 0 0 1561 4880; baseline 0 0"><span class='ocrx_word' id='word_1_291' title='bbox 0 0 1561 4880; x_wconf 95' lang='lat' dir='ltr'> </span> 
     </span>
    </p>
   </div>
  </div>
 </body>
</html>
