<?xml version="1.0" encoding="UTF-8"?>
<!DOCTYPE html PUBLIC "-//W3C//DTD XHTML 1.0 Transitional//EN"
    "http://www.w3.org/TR/xhtml1/DTD/xhtml1-transitional.dtd">
<html xmlns="http://www.w3.org/1999/xhtml" xml:lang="en" lang="en">
 <head>
  <title>
</title>
<meta http-equiv="Content-Type" content="text/html;charset=utf-8" />
  <meta name='ocr-system' content='tesseract 3.04.00' />
  <meta name='ocr-capabilities' content='ocr_page ocr_carea ocr_par ocr_line ocrx_word'/>
</head>
<body>
  <div class='ocr_page' id='page_1' title='image "./decsiliiitalici00wezegoog_0079.png"; bbox 0 0 3096 4880; ppageno 0'>
   <div class='ocr_carea' id='block_1_1' title="bbox 842 285 926 362">
    <p class='ocr_par' dir='ltr' id='par_1_1' title="bbox 842 285 926 362">
     <span class='ocr_line' id='line_1_1' title="bbox 842 285 926 362; baseline 0.024 -12"><span class='ocrx_word' id='word_1_1' title='bbox 842 285 926 362; x_wconf 69' lang='grc'><strong>14,</strong></span> 
     </span>
    </p>
   </div>
   <div class='ocr_carea' id='block_1_2' title="bbox 304 460 1428 1172">
    <p class='ocr_par' dir='ltr' id='par_1_2' title="bbox 304 460 1428 660">
     <span class='ocr_line' id='line_1_2' title="bbox 304 460 1428 557; baseline -0.001 -19"><span class='ocrx_word' id='word_1_2' title='bbox 304 460 442 538; x_wconf 82' lang='lat' dir='ltr'><strong>senserit</strong></span> <span class='ocrx_word' id='word_1_3' title='bbox 467 478 501 534; x_wconf 85' lang='lat' dir='ltr'><strong>et</strong></span> <span class='ocrx_word' id='word_1_4' title='bbox 528 469 704 557; x_wconf 82' lang='lat' dir='ltr'><strong>Polybium</strong></span> <span class='ocrx_word' id='word_1_5' title='bbox 732 470 826 554; x_wconf 89' lang='lat' dir='ltr'><strong>sequi</strong></span> <span class='ocrx_word' id='word_1_6' title='bbox 854 469 1024 554; x_wconf 83' lang='lat' dir='ltr'><strong>maluerit,</strong></span> <span class='ocrx_word' id='word_1_7' title='bbox 1052 467 1238 536; x_wconf 86' lang='lat' dir='ltr'><strong>Cosackius</strong></span> <span class='ocrx_word' id='word_1_8' title='bbox 1261 470 1338 536; x_wconf 87' lang='lat' dir='ltr'>libri</span> <span class='ocrx_word' id='word_1_9' title='bbox 1357 473 1428 557; x_wconf 77' lang='lat' dir='ltr'><strong>jani</strong></span> 
     </span>
     <span class='ocr_line' id='line_1_3' title="bbox 304 571 1050 660; baseline -0.003 -20"><span class='ocrx_word' id='word_1_10' title='bbox 304 574 435 660; x_wconf 86' lang='lat' dir='ltr'><strong>saepius</strong></span> <span class='ocrx_word' id='word_1_11' title='bbox 457 571 584 638; x_wconf 83' lang='lat' dir='ltr'><strong>laudati</strong></span> <span class='ocrx_word' id='word_1_12' title='bbox 610 595 687 660; x_wconf 85' lang='lat' dir='ltr'><strong>pag.</strong></span> <span class='ocrx_word' id='word_1_13' title='bbox 709 575 761 640; x_wconf 86' lang='grc'><strong>29.</strong></span> <span class='ocrx_word' id='word_1_14' title='bbox 786 595 811 638; x_wconf 93' lang='lat' dir='ltr'><strong>s.</strong></span> <span class='ocrx_word' id='word_1_15' title='bbox 834 573 856 648; x_wconf 83' lang='lat' dir='ltr'><strong>f.</strong></span> <span class='ocrx_word' id='word_1_16' title='bbox 881 572 1050 638; x_wconf 73' lang='lat' dir='ltr'><strong>disseruit.</strong></span> 
     </span>
    </p>

    <p class='ocr_par' dir='ltr' id='par_1_3' title="bbox 306 674 1427 1172">
     <span class='ocr_line' id='line_1_4' title="bbox 389 674 1427 762; baseline -0.002 -18"><span class='ocrx_word' id='word_1_17' title='bbox 389 679 435 759; x_wconf 92' lang='grc'><strong>6.,</strong></span> <span class='ocrx_word' id='word_1_18' title='bbox 463 675 537 741; x_wconf 88' lang='lat' dir='ltr'><strong>Lib.</strong></span> <span class='ocrx_word' id='word_1_19' title='bbox 562 679 598 759; x_wconf 85' lang='grc'><strong>7,</strong></span> <span class='ocrx_word' id='word_1_20' title='bbox 625 699 656 740; x_wconf 81' lang='grc' dir='ltr'><strong>τ.</strong></span> <span class='ocrx_word' id='word_1_21' title='bbox 681 679 753 744; x_wconf 89' lang='grc'><strong>116.</strong></span> <span class='ocrx_word' id='word_1_22' title='bbox 777 698 851 760; x_wconf 88' lang='lat' dir='ltr'><strong>sqq.</strong></span> <span class='ocrx_word' id='word_1_23' title='bbox 879 675 989 762; x_wconf 86' lang='lat' dir='ltr'><strong>agitur</strong></span> <span class='ocrx_word' id='word_1_24' title='bbox 1011 674 1053 740; x_wconf 91' lang='lat' dir='ltr'><strong>de</strong></span> <span class='ocrx_word' id='word_1_25' title='bbox 1080 675 1185 740; x_wconf 85' lang='lat' dir='ltr'><strong>Fabio</strong></span> <span class='ocrx_word' id='word_1_26' title='bbox 1209 677 1346 742; x_wconf 90' lang='lat' dir='ltr'><strong>consule</strong></span> <span class='ocrx_word' id='word_1_27' title='bbox 1367 679 1427 760; x_wconf 86' lang='lat' dir='ltr'><strong>qui</strong></span> 
     </span>
     <span class='ocr_line' id='line_1_5' title="bbox 306 775 1426 864; baseline -0.002 -20"><span class='ocrx_word' id='word_1_28' title='bbox 306 779 341 844; x_wconf 90' lang='lat' dir='ltr'><strong>in</strong></span> <span class='ocrx_word' id='word_1_29' title='bbox 362 778 446 843; x_wconf 92' lang='lat' dir='ltr'><strong>colle</strong></span> <span class='ocrx_word' id='word_1_30' title='bbox 467 786 577 844; x_wconf 86' lang='lat' dir='ltr'><strong>castra</strong></span> <span class='ocrx_word' id='word_1_31' title='bbox 598 777 722 864; x_wconf 80' lang='lat' dir='ltr'><strong>posuit,</strong></span> <span class='ocrx_word' id='word_1_32' title='bbox 744 775 818 861; x_wconf 80' lang='lat' dir='ltr'><strong>sed,</strong></span> <span class='ocrx_word' id='word_1_33' title='bbox 841 799 1041 862; x_wconf 85' lang='lat' dir='ltr'><strong>quamquam</strong></span> <span class='ocrx_word' id='word_1_34' title='bbox 1061 777 1229 843; x_wconf 82' lang='lat' dir='ltr'>Hannibal</span> <span class='ocrx_word' id='word_1_35' title='bbox 1257 787 1348 846; x_wconf 87' lang='lat' dir='ltr'><strong>certa</strong></span> <span class='ocrx_word' id='word_1_36' title='bbox 1375 779 1426 843; x_wconf 90' lang='lat' dir='ltr'><strong>vi-</strong></span> 
     </span>
     <span class='ocr_line' id='line_1_6' title="bbox 308 878 1426 967; baseline 0 -22"><span class='ocrx_word' id='word_1_37' title='bbox 308 880 433 945; x_wconf 88' lang='lat' dir='ltr'><strong>ctoriae</strong></span> <span class='ocrx_word' id='word_1_38' title='bbox 454 902 512 967; x_wconf 88' lang='lat' dir='ltr'><strong>spe</strong></span> <span class='ocrx_word' id='word_1_39' title='bbox 534 878 688 946; x_wconf 89' lang='lat' dir='ltr'><strong>inductus</strong></span> <span class='ocrx_word' id='word_1_40' title='bbox 709 881 832 945; x_wconf 89' lang='lat' dir='ltr'><strong>nullam</strong></span> <span class='ocrx_word' id='word_1_41' title='bbox 854 879 1032 947; x_wconf 87' lang='lat' dir='ltr'><strong>dimicandi</strong></span> <span class='ocrx_word' id='word_1_42' title='bbox 1054 903 1181 945; x_wconf 87' lang='lat' dir='ltr'><strong>moram</strong></span> <span class='ocrx_word' id='word_1_43' title='bbox 1201 881 1280 949; x_wconf 85' lang='lat' dir='ltr'><strong>fecit</strong></span> <span class='ocrx_word' id='word_1_44' title='bbox 1302 880 1426 948; x_wconf 84' lang='lat' dir='ltr'><strong>Roma-</strong></span> 
     </span>
     <span class='ocr_line' id='line_1_7' title="bbox 307 981 1427 1070; baseline 0.002 -22"><span class='ocrx_word' id='word_1_45' title='bbox 307 1005 433 1068; x_wconf 89' lang='lat' dir='ltr'><strong>nosque</strong></span> <span class='ocrx_word' id='word_1_46' title='bbox 454 981 639 1048; x_wconf 86' lang='lat' dir='ltr'><strong>maledictis</strong></span> <span class='ocrx_word' id='word_1_47' title='bbox 661 983 865 1070; x_wconf 76' lang='lat' dir='ltr'><strong>provocavit,</strong></span> <span class='ocrx_word' id='word_1_48' title='bbox 888 984 1020 1068; x_wconf 84' lang='lat' dir='ltr'><strong>quietus</strong></span> <span class='ocrx_word' id='word_1_49' title='bbox 1035 991 1145 1048; x_wconf 88' lang='lat' dir='ltr'><strong>tamen</strong></span> <span class='ocrx_word' id='word_1_50' title='bbox 1160 991 1273 1049; x_wconf 86' lang='lat' dir='ltr'><strong>restat.</strong></span> <span class='ocrx_word' id='word_1_51' title='bbox 1307 983 1427 1050; x_wconf 89' lang='lat' dir='ltr'><strong>Livius</strong></span> 
     </span>
     <span class='ocr_line' id='line_1_8' title="bbox 307 1081 1427 1172; baseline -0.002 -20"><span class='ocrx_word' id='word_1_52' title='bbox 307 1085 442 1152; x_wconf 90' lang='lat' dir='ltr'><strong>eandem</strong></span> <span class='ocrx_word' id='word_1_53' title='bbox 463 1107 534 1168; x_wconf 86' lang='lat' dir='ltr'><strong>rem</strong></span> <span class='ocrx_word' id='word_1_54' title='bbox 555 1081 695 1150; x_wconf 79' lang='lat' dir='ltr'><strong>tradidit</strong></span> <span class='ocrx_word' id='word_1_55' title='bbox 715 1084 771 1150; x_wconf 92' lang='lat' dir='ltr'><strong>lib.</strong></span> <span class='ocrx_word' id='word_1_56' title='bbox 795 1091 847 1170; x_wconf 90' lang='grc'><strong>22,</strong></span> <span class='ocrx_word' id='word_1_57' title='bbox 870 1087 978 1172; x_wconf 86' lang='lat' dir='ltr'><strong>capite</strong></span> <span class='ocrx_word' id='word_1_58' title='bbox 993 1089 1044 1154; x_wconf 89' lang='grc'><strong>12.</strong></span> <span class='ocrx_word' id='word_1_59' title='bbox 1079 1084 1154 1153; x_wconf 89' lang='lat' dir='ltr'><strong>Silii</strong></span> <span class='ocrx_word' id='word_1_60' title='bbox 1169 1094 1279 1151; x_wconf 88' lang='lat' dir='ltr'><strong>autem</strong></span> <span class='ocrx_word' id='word_1_61' title='bbox 1294 1108 1427 1152; x_wconf 86' lang='lat' dir='ltr'><strong>versus:</strong></span> 
     </span>
    </p>
   </div>
   <div class='ocr_carea' id='block_1_3' title="bbox 326 1237 1213 1557">
    <p class='ocr_par' dir='ltr' id='par_1_4' title="bbox 326 1237 1213 1557">
     <span class='ocr_line' id='line_1_9' title="bbox 326 1237 1178 1310; baseline -0.002 -16"><span class='ocrx_word' id='word_1_62' title='bbox 326 1241 360 1309; x_wconf 84' lang='lat' dir='ltr'><strong>(v.</strong></span> <span class='ocrx_word' id='word_1_63' title='bbox 381 1239 451 1309; x_wconf 89' lang='grc'><strong>123.)</strong></span> <span class='ocrx_word' id='word_1_64' title='bbox 525 1239 670 1294; x_wconf 84' lang='lat' dir='ltr'><strong>Cassarum</strong></span> <span class='ocrx_word' id='word_1_65' title='bbox 688 1239 768 1294; x_wconf 87' lang='lat' dir='ltr'><strong>sedet</strong></span> <span class='ocrx_word' id='word_1_66' title='bbox 785 1239 889 1294; x_wconf 85' lang='lat' dir='ltr'><strong>irarum</strong></span> <span class='ocrx_word' id='word_1_67' title='bbox 909 1243 1065 1310; x_wconf 82' lang='lat' dir='ltr'><strong>spectator,</strong></span> <span class='ocrx_word' id='word_1_68' title='bbox 1083 1242 1111 1293; x_wconf 89' lang='lat' dir='ltr'><strong>et</strong></span> <span class='ocrx_word' id='word_1_69' title='bbox 1129 1237 1178 1294; x_wconf 85' lang='lat' dir='ltr'><strong>alti</strong></span> 
     </span>
     <span class='ocr_line' id='line_1_10' title="bbox 520 1325 1213 1398; baseline 0.003 -18"><span class='ocrx_word' id='word_1_70' title='bbox 520 1325 615 1381; x_wconf 83' lang='lat' dir='ltr'><strong>Celsus</strong></span> <span class='ocrx_word' id='word_1_71' title='bbox 638 1325 709 1381; x_wconf 91' lang='lat' dir='ltr'><strong>colle</strong></span> <span class='ocrx_word' id='word_1_72' title='bbox 724 1327 786 1398; x_wconf 87' lang='lat' dir='ltr'><strong>jugi</strong></span> <span class='ocrx_word' id='word_1_73' title='bbox 813 1327 910 1382; x_wconf 90' lang='lat' dir='ltr'><strong>domat</strong></span> <span class='ocrx_word' id='word_1_74' title='bbox 931 1327 1099 1382; x_wconf 84' lang='lat' dir='ltr'><strong>exsultantia</strong></span> <span class='ocrx_word' id='word_1_75' title='bbox 1120 1325 1213 1396; x_wconf 86' lang='lat' dir='ltr'><strong>corda,</strong></span> 
     </span>
     <span class='ocr_line' id='line_1_11' title="bbox 521 1412 1150 1485; baseline 0 -17"><span class='ocrx_word' id='word_1_76' title='bbox 521 1412 710 1482; x_wconf 82' lang='lat' dir='ltr'><strong>Infractasque</strong></span> <span class='ocrx_word' id='word_1_77' title='bbox 727 1414 818 1468; x_wconf 90' lang='lat' dir='ltr'><strong>minas</strong></span> <span class='ocrx_word' id='word_1_78' title='bbox 836 1415 923 1471; x_wconf 84' lang='lat' dir='ltr'><strong>dilato</strong></span> <span class='ocrx_word' id='word_1_79' title='bbox 941 1416 1033 1470; x_wconf 87' lang='lat' dir='ltr'><strong>Marte</strong></span> <span class='ocrx_word' id='word_1_80' title='bbox 1050 1416 1150 1485; x_wconf 83' lang='lat' dir='ltr'><strong>fatigat</strong></span> 
     </span>
     <span class='ocr_line' id='line_1_12' title="bbox 521 1501 996 1557; baseline 0.002 -1"><span class='ocrx_word' id='word_1_81' title='bbox 521 1501 624 1556; x_wconf 76' lang='lat' dir='ltr'>Sollers</span> <span class='ocrx_word' id='word_1_82' title='bbox 643 1501 793 1557; x_wconf 85' lang='lat' dir='ltr'><strong>cunctandi</strong></span> <span class='ocrx_word' id='word_1_83' title='bbox 810 1501 933 1557; x_wconf 89' lang='lat' dir='ltr'><strong>Fabius.</strong></span> <span class='ocrx_word' id='word_1_84' title='bbox 948 1543 953 1556; x_wconf 93' lang='lat'><strong>.</strong></span> <span class='ocrx_word' id='word_1_85' title='bbox 967 1538 996 1557; x_wconf 22' lang='grc' dir='ltr'><strong>κ..</strong></span> 
     </span>
    </p>
   </div>
   <div class='ocr_carea' id='block_1_4' title="bbox 309 1637 1432 2038">
    <p class='ocr_par' dir='ltr' id='par_1_5' title="bbox 309 1637 1432 2038">
     <span class='ocr_line' id='line_1_13' title="bbox 309 1637 1427 1738; baseline 0 -32"><span class='ocrx_word' id='word_1_86' title='bbox 309 1641 415 1728; x_wconf 83' lang='lat' dir='ltr'><strong>magis</strong></span> <span class='ocrx_word' id='word_1_87' title='bbox 437 1647 588 1738; x_wconf 80' lang='lat' dir='ltr'><strong>spectant</strong></span> <span class='ocrx_word' id='word_1_88' title='bbox 615 1637 658 1704; x_wconf 86' lang='lat' dir='ltr'><strong>ad</strong></span> <span class='ocrx_word' id='word_1_89' title='bbox 679 1639 812 1728; x_wconf 91' lang='lat' dir='ltr'><strong>Polybii</strong></span> <span class='ocrx_word' id='word_1_90' title='bbox 833 1640 934 1706; x_wconf 88' lang='lat' dir='ltr'><strong>verba</strong></span> <span class='ocrx_word' id='word_1_91' title='bbox 960 1641 1045 1725; x_wconf 85' lang='lat' dir='ltr'><strong>quae</strong></span> <span class='ocrx_word' id='word_1_92' title='bbox 1067 1649 1199 1711; x_wconf 81' lang='lat' dir='ltr'><strong>exstant</strong></span> <span class='ocrx_word' id='word_1_93' title='bbox 1219 1641 1331 1725; x_wconf 83' lang='lat' dir='ltr'><strong>lib.·3,</strong></span> <span class='ocrx_word' id='word_1_94' title='bbox 1353 1665 1427 1728; x_wconf 84' lang='lat' dir='ltr'><strong>cap.</strong></span> 
     </span>
     <span class='ocr_line' id='line_1_14' title="bbox 309 1739 1430 1832; baseline -0.002 -20"><span class='ocrx_word' id='word_1_95' title='bbox 309 1748 367 1828; x_wconf 84' lang='lat'><strong>89,</strong></span> <span class='ocrx_word' id='word_1_96' title='bbox 390 1746 418 1830; x_wconf 66' lang='lat'><strong>§-</strong></span> <span class='ocrx_word' id='word_1_97' title='bbox 440 1749 489 1812; x_wconf 79' lang='lat'><strong>2.:</strong></span> <span class='ocrx_word' id='word_1_98' title='bbox 513 1739 610 1828; x_wconf 69' lang='grc' dir='ltr'><strong>ὁγὰρ</strong></span> <span class='ocrx_word' id='word_1_99' title='bbox 634 1739 752 1831; x_wconf 79' lang='grc' dir='ltr'><strong>Φάβιος</strong></span> <span class='ocrx_word' id='word_1_100' title='bbox 773 1739 941 1826; x_wconf 79' lang='grc' dir='ltr'><strong>διεγνωκὼς</strong></span> <span class='ocrx_word' id='word_1_101' title='bbox 967 1741 1047 1832; x_wconf 81' lang='grc' dir='ltr'><strong>μήτε</strong></span> <span class='ocrx_word' id='word_1_102' title='bbox 1069 1741 1326 1829; x_wconf 66' lang='grc' dir='ltr'><strong>παραβάλλεσῖιαι</strong></span> <span class='ocrx_word' id='word_1_103' title='bbox 1347 1743 1430 1832; x_wconf 76' lang='grc' dir='ltr'><strong>μήτε</strong></span> 
     </span>
     <span class='ocr_line' id='line_1_15' title="bbox 309 1841 1429 1934; baseline -0.002 -20"><span class='ocrx_word' id='word_1_104' title='bbox 309 1845 555 1927; x_wconf 82' lang='grc' dir='ltr'><strong>διακινδυνεύειν,</strong></span> <span class='ocrx_word' id='word_1_105' title='bbox 582 1844 790 1932; x_wconf 64' lang='grc' dir='ltr'><strong>στοχάζισῗῖαι</strong></span> <span class='ocrx_word' id='word_1_106' title='bbox 817 1843 850 1910; x_wconf 81' lang='grc' dir='ltr'><strong>δὲ</strong></span> <span class='ocrx_word' id='word_1_107' title='bbox 871 1849 984 1931; x_wconf 84' lang='grc' dir='ltr'><strong>πρῶτον</strong></span> <span class='ocrx_word' id='word_1_108' title='bbox 1011 1846 1067 1912; x_wconf 81' lang='grc' dir='ltr'><strong>καὶ</strong></span> <span class='ocrx_word' id='word_1_109' title='bbox 1087 1844 1225 1932; x_wconf 80' lang='grc' dir='ltr'><strong>μάλιστα</strong></span> <span class='ocrx_word' id='word_1_110' title='bbox 1245 1851 1303 1934; x_wconf 79' lang='grc' dir='ltr'><strong>τῆς</strong></span> <span class='ocrx_word' id='word_1_111' title='bbox 1325 1841 1429 1933; x_wconf 87' lang='grc' dir='ltr'><strong>σἰσρα-</strong></span> 
     </span>
     <span class='ocr_line' id='line_1_16' title="bbox 309 1946 1432 2038; baseline -0.001 -21"><span class='ocrx_word' id='word_1_112' title='bbox 309 1950 394 2030; x_wconf 79' lang='grc' dir='ltr'><strong>λείας</strong></span> <span class='ocrx_word' id='word_1_113' title='bbox 419 1952 478 2016; x_wconf 83' lang='grc' dir='ltr'><strong>τῶν</strong></span> <span class='ocrx_word' id='word_1_114' title='bbox 503 1946 767 2036; x_wconf 78' lang='grc' dir='ltr'><strong>ὑποταττομένων,</strong></span> <span class='ocrx_word' id='word_1_115' title='bbox 798 1949 884 2035; x_wconf 80' lang='grc' dir='ltr'><strong>ἔμενε</strong></span> <span class='ocrx_word' id='word_1_116' title='bbox 912 1949 1042 2032; x_wconf 84' lang='grc' dir='ltr'>βεβαίως</span> <span class='ocrx_word' id='word_1_117' title='bbox 1069 1947 1119 2016; x_wconf 67' lang='lat' dir='ltr'><strong>art</strong></span> <span class='ocrx_word' id='word_1_118' title='bbox 1143 1952 1203 2036; x_wconf 78' lang='grc' dir='ltr'><strong>τῆς</strong></span> <span class='ocrx_word' id='word_1_119' title='bbox 1232 1948 1432 2038; x_wconf 73' lang='grc' dir='ltr'><strong>διακλήψειυς</strong></span> 
     </span>
    </p>
   </div>
   <div class='ocr_carea' id='block_1_5' title="bbox 309 2074 1530 2346">
    <p class='ocr_par' dir='ltr' id='par_1_6' title="bbox 309 2074 1530 2346">
     <span class='ocr_line' id='line_1_17' title="bbox 309 2074 1530 2246; baseline 0.002 -26"><span class='ocrx_word' id='word_1_120' title='bbox 309 2074 438 2240; x_wconf 41' lang='lat' dir='ltr'><strong>edwii</strong></span> <span class='ocrx_word' id='word_1_121' title='bbox 461 2153 588 2222; x_wconf 85' lang='lat' dir='ltr'>Urbem</span> <span class='ocrx_word' id='word_1_122' title='bbox 614 2154 705 2218; x_wconf 89' lang='lat' dir='ltr'><strong>illam</strong></span> <span class='ocrx_word' id='word_1_123' title='bbox 725 2153 882 2219; x_wconf 78' lang='lat' dir='ltr'><strong>Etruriae</strong></span> <span class='ocrx_word' id='word_1_124' title='bbox 907 2155 1041 2246; x_wconf 86' lang='lat' dir='ltr'><strong>plurimi</strong></span> <span class='ocrx_word' id='word_1_125' title='bbox 1068 2154 1245 2241; x_wconf 72' lang='lat' dir='ltr'><strong>scriptores</strong></span> <span class='ocrx_word' id='word_1_126' title='bbox 1268 2154 1430 2222; x_wconf 82' lang='lat' dir='ltr'><strong>Faesulas</strong></span> <span class='ocrx_word' id='word_1_127' title='bbox 1529 2179 1530 2228; x_wconf 53' lang='lat' dir='ltr'><strong>t</strong></span> 
     </span>
     <span class='ocr_line' id='line_1_18' title="bbox 312 2254 1530 2346; baseline -0.002 -22"><span class='ocrx_word' id='word_1_128' title='bbox 312 2258 490 2346; x_wconf 87' lang='lat' dir='ltr'><strong>appellant.</strong></span> <span class='ocrx_word' id='word_1_129' title='bbox 535 2255 592 2324; x_wconf 87' lang='lat' dir='ltr'><strong>Sic</strong></span> <span class='ocrx_word' id='word_1_130' title='bbox 608 2254 724 2322; x_wconf 86' lang='lat' dir='ltr'><strong>Cicero</strong></span> <span class='ocrx_word' id='word_1_131' title='bbox 747 2256 781 2321; x_wconf 94' lang='lat' dir='ltr'><strong>in</strong></span> <span class='ocrx_word' id='word_1_132' title='bbox 805 2254 902 2321; x_wconf 84' lang='lat' dir='ltr'><strong>Catil.</strong></span> <span class='ocrx_word' id='word_1_133' title='bbox 925 2263 957 2342; x_wconf 88' lang='grc'><strong>3,</strong></span> <span class='ocrx_word' id='word_1_134' title='bbox 982 2262 1046 2338; x_wconf 83' lang='grc'><strong>14.;</strong></span> <span class='ocrx_word' id='word_1_135' title='bbox 1069 2258 1187 2324; x_wconf 84' lang='lat' dir='ltr'><strong>Livius</strong></span> <span class='ocrx_word' id='word_1_136' title='bbox 1209 2261 1262 2342; x_wconf 95' lang='grc'><strong>22,</strong></span> <span class='ocrx_word' id='word_1_137' title='bbox 1284 2263 1330 2338; x_wconf 88' lang='grc'><strong>3.;</strong></span> <span class='ocrx_word' id='word_1_138' title='bbox 1353 2257 1429 2326; x_wconf 88' lang='lat' dir='ltr'><strong>Sal·</strong></span> <span class='ocrx_word' id='word_1_139' title='bbox 1529 2269 1530 2272; x_wconf 76' lang='grc'>’</span> 
     </span>
    </p>
   </div>
   <div class='ocr_carea' id='block_1_6' title="bbox 310 2357 1432 3167">
    <p class='ocr_par' dir='ltr' id='par_1_7' title="bbox 310 2357 1432 2959">
     <span class='ocr_line' id='line_1_19' title="bbox 310 2357 1432 2446; baseline 0.002 -20"><span class='ocrx_word' id='word_1_140' title='bbox 310 2361 432 2427; x_wconf 88' lang='lat' dir='ltr'><strong>lustius</strong></span> <span class='ocrx_word' id='word_1_141' title='bbox 466 2357 564 2424; x_wconf 87' lang='lat' dir='ltr'><strong>Catil.</strong></span> <span class='ocrx_word' id='word_1_142' title='bbox 599 2364 651 2428; x_wconf 89' lang='grc'><strong>24.</strong></span> <span class='ocrx_word' id='word_1_143' title='bbox 686 2368 718 2424; x_wconf 87' lang='lat' dir='ltr'><strong>et</strong></span> <span class='ocrx_word' id='word_1_144' title='bbox 751 2363 820 2438; x_wconf 84' lang='grc'><strong>27.;</strong></span> <span class='ocrx_word' id='word_1_145' title='bbox 854 2359 1030 2446; x_wconf 81' lang='lat' dir='ltr'><strong>Appianus</strong></span> <span class='ocrx_word' id='word_1_146' title='bbox 1063 2369 1096 2425; x_wconf 90' lang='lat' dir='ltr'><strong>et</strong></span> <span class='ocrx_word' id='word_1_147' title='bbox 1129 2359 1338 2427; x_wconf 78' lang='lat' dir='ltr'><strong>Ptolemaeus</strong></span> <span class='ocrx_word' id='word_1_148' title='bbox 1370 2357 1432 2440; x_wconf 78' lang='grc' dir='ltr'><strong>τὰς</strong></span> 
     </span>
     <span class='ocr_line' id='line_1_20' title="bbox 312 2460 1431 2551; baseline -0.002 -21"><span class='ocrx_word' id='word_1_149' title='bbox 312 2460 489 2542; x_wconf 79' lang='grc' dir='ltr'><strong>Φαισούλας</strong></span> <span class='ocrx_word' id='word_1_150' title='bbox 521 2460 651 2546; x_wconf 81' lang='lat' dir='ltr'><strong>dicunt,</strong></span> <span class='ocrx_word' id='word_1_151' title='bbox 690 2462 747 2526; x_wconf 86' lang='lat' dir='ltr'><strong>alii</strong></span> <span class='ocrx_word' id='word_1_152' title='bbox 779 2461 921 2529; x_wconf 79' lang='lat' dir='ltr'><strong>Faesula</strong></span> <span class='ocrx_word' id='word_1_153' title='bbox 960 2464 1030 2529; x_wconf 88' lang='lat' dir='ltr'><strong>sive</strong></span> <span class='ocrx_word' id='word_1_154' title='bbox 1061 2460 1103 2529; x_wconf 86' lang='grc' dir='ltr'><strong>τὰ</strong></span> <span class='ocrx_word' id='word_1_155' title='bbox 1136 2463 1276 2532; x_wconf 82' lang='grc' dir='ltr'><strong>Φαίσολα</strong></span> <span class='ocrx_word' id='word_1_156' title='bbox 1307 2464 1431 2551; x_wconf 89' lang='lat' dir='ltr'><strong>plurali</strong></span> 
     </span>
     <span class='ocr_line' id='line_1_21' title="bbox 311 2559 1430 2652; baseline 0.002 -21"><span class='ocrx_word' id='word_1_157' title='bbox 311 2588 446 2632; x_wconf 91' lang='lat' dir='ltr'><strong>numero</strong></span> <span class='ocrx_word' id='word_1_158' title='bbox 473 2565 686 2652; x_wconf 81' lang='lat' dir='ltr'><strong>scripserunt.</strong></span> <span class='ocrx_word' id='word_1_159' title='bbox 731 2563 829 2634; x_wconf 88' lang='lat' dir='ltr'><strong>Solus</strong></span> <span class='ocrx_word' id='word_1_160' title='bbox 857 2559 973 2632; x_wconf 77' lang='lat' dir='ltr'><strong>Silius·</strong></span> <span class='ocrx_word' id='word_1_161' title='bbox 988 2565 1073 2630; x_wconf 90' lang='lat' dir='ltr'><strong>inter</strong></span> <span class='ocrx_word' id='word_1_162' title='bbox 1100 2566 1279 2652; x_wconf 79' lang='lat' dir='ltr'><strong>scriptores</strong></span> <span class='ocrx_word' id='word_1_163' title='bbox 1307 2567 1430 2633; x_wconf 88' lang='lat' dir='ltr'><strong>latinos</strong></span> 
     </span>
     <span class='ocr_line' id='line_1_22' title="bbox 312 2666 1430 2756; baseline 0.003 -25"><span class='ocrx_word' id='word_1_164' title='bbox 312 2666 369 2732; x_wconf 91' lang='lat' dir='ltr'><strong>lib.</strong></span> <span class='ocrx_word' id='word_1_165' title='bbox 396 2672 431 2752; x_wconf 85' lang='lat'><strong>8,</strong></span> <span class='ocrx_word' id='word_1_166' title='bbox 458 2671 531 2736; x_wconf 79' lang='grc'><strong>417.</strong></span> <span class='ocrx_word' id='word_1_167' title='bbox 559 2667 661 2732; x_wconf 84' lang='lat' dir='ltr'><strong>dixit:</strong></span> <span class='ocrx_word' id='word_1_168' title='bbox 690 2667 874 2732; x_wconf 81' lang='lat' dir='ltr'><strong>Adfuit-</strong></span> <span class='ocrx_word' id='word_1_169' title='bbox 896 2667 1054 2754; x_wconf 83' lang='lat' dir='ltr'><strong>Faesula,</strong></span> <span class='ocrx_word' id='word_1_170' title='bbox 1088 2677 1187 2753; x_wconf 87' lang='lat' dir='ltr'><strong>atque</strong></span> <span class='ocrx_word' id='word_1_171' title='bbox 1214 2667 1303 2755; x_wconf 87' lang='lat' dir='ltr'><strong>apud</strong></span> <span class='ocrx_word' id='word_1_172' title='bbox 1329 2668 1430 2756; x_wconf 94' lang='lat' dir='ltr'><strong>Poly-</strong></span> 
     </span>
     <span class='ocr_line' id='line_1_23' title="bbox 312 2769 1431 2860; baseline 0.002 -26"><span class='ocrx_word' id='word_1_173' title='bbox 312 2769 404 2835; x_wconf 92' lang='lat' dir='ltr'><strong>bium</strong></span> <span class='ocrx_word' id='word_1_174' title='bbox 424 2770 579 2857; x_wconf 86' lang='lat' dir='ltr'><strong>legimus:</strong></span> <span class='ocrx_word' id='word_1_175' title='bbox 602 2775 638 2854; x_wconf 90' lang='grc'><strong>2,</strong></span> <span class='ocrx_word' id='word_1_176' title='bbox 664 2773 717 2838; x_wconf 83' lang='grc'><strong>26.</strong></span> <span class='ocrx_word' id='word_1_177' title='bbox 741 2775 791 2839; x_wconf 90' lang='grc'><strong>16.</strong></span> <span class='ocrx_word' id='word_1_178' title='bbox 814 2769 871 2859; x_wconf 83' lang='grc' dir='ltr'><strong>τὴν</strong></span> <span class='ocrx_word' id='word_1_179' title='bbox 892 2769 1063 2852; x_wconf 82' lang='grc' dir='ltr'><strong>Φαισέλαν,</strong></span> <span class='ocrx_word' id='word_1_180' title='bbox 1084 2777 1116 2856; x_wconf 88' lang='grc'><strong>3,</strong></span> <span class='ocrx_word' id='word_1_181' title='bbox 1138 2771 1189 2840; x_wconf 89' lang='grc'><strong>82.</strong></span> <span class='ocrx_word' id='word_1_182' title='bbox 1215 2777 1244 2840; x_wconf 94' lang='grc'><strong>1.</strong></span> <span class='ocrx_word' id='word_1_183' title='bbox 1266 2770 1352 2840; x_wconf 82' lang='grc' dir='ltr'><strong>κατὰ</strong></span> <span class='ocrx_word' id='word_1_184' title='bbox 1373 2769 1431 2860; x_wconf 73' lang='grc' dir='ltr'><strong>τήν</strong></span> 
     </span>
     <span class='ocr_line' id='line_1_24' title="bbox 313 2872 688 2959; baseline -0.003 -20"><span class='ocrx_word' id='word_1_185' title='bbox 313 2872 469 2940; x_wconf 82' lang='grc' dir='ltr'><strong>Φαισόλαν</strong></span> <span class='ocrx_word' id='word_1_186' title='bbox 491 2883 525 2938; x_wconf 92' lang='lat' dir='ltr'><strong>et</strong></span> <span class='ocrx_word' id='word_1_187' title='bbox 547 2874 688 2959; x_wconf 83' lang='lat' dir='ltr'><strong>saepius.</strong></span> 
     </span>
    </p>

    <p class='ocr_par' dir='ltr' id='par_1_8' title="bbox 314 2974 1428 3167">
     <span class='ocr_line' id='line_1_25' title="bbox 398 2974 1428 3064; baseline -0.003 -19"><span class='ocrx_word' id='word_1_188' title='bbox 398 2980 444 3061; x_wconf 89' lang='grc'><strong>8.,</strong></span> <span class='ocrx_word' id='word_1_189' title='bbox 470 2976 573 3043; x_wconf 88' lang='lat' dir='ltr'><strong>Libro</strong></span> <span class='ocrx_word' id='word_1_190' title='bbox 604 2985 721 3043; x_wconf 88' lang='lat' dir='ltr'><strong>octavo</strong></span> <span class='ocrx_word' id='word_1_191' title='bbox 749 2974 850 3042; x_wconf 86' lang='lat' dir='ltr'><strong>Silius</strong></span> <span class='ocrx_word' id='word_1_192' title='bbox 880 2975 937 3041; x_wconf 90' lang='lat' dir='ltr'><strong>ubi</strong></span> <span class='ocrx_word' id='word_1_193' title='bbox 962 2998 1106 3064; x_wconf 79' lang='lat' dir='ltr'><strong>pugnam</strong></span> <span class='ocrx_word' id='word_1_194' title='bbox 1137 2975 1341 3045; x_wconf 83' lang='lat' dir='ltr'><strong>Cannensem</strong></span> <span class='ocrx_word' id='word_1_195' title='bbox 1367 2975 1428 3042; x_wconf 86' lang='lat' dir='ltr'><strong>de-</strong></span> 
     </span>
     <span class='ocr_line' id='line_1_26' title="bbox 314 3075 970 3167; baseline -0.003 -22"><span class='ocrx_word' id='word_1_196' title='bbox 314 3075 457 3146; x_wconf 85' lang='lat' dir='ltr'><strong>scribere</strong></span> <span class='ocrx_word' id='word_1_197' title='bbox 478 3088 575 3167; x_wconf 82' lang='lat' dir='ltr'><strong>parat</strong></span> <span class='ocrx_word' id='word_1_198' title='bbox 595 3078 683 3146; x_wconf 89' lang='lat' dir='ltr'><strong>hunc</strong></span> <span class='ocrx_word' id='word_1_199' title='bbox 704 3077 805 3144; x_wconf 88' lang='lat' dir='ltr'><strong>habet</strong></span> <span class='ocrx_word' id='word_1_200' title='bbox 825 3101 970 3146; x_wconf 85' lang='lat' dir='ltr'><strong>versum:</strong></span> 
     </span>
    </p>
   </div>
   <div class='ocr_carea' id='block_1_7' title="bbox 332 3195 1276 3300">
    <p class='ocr_par' dir='ltr' id='par_1_9' title="bbox 332 3195 1276 3300">
     <span class='ocr_line' id='line_1_27' title="bbox 332 3195 1276 3300; baseline 0.001 -28"><span class='ocrx_word' id='word_1_201' title='bbox 332 3217 367 3286; x_wconf 84' lang='lat' dir='ltr'><strong>(v.</strong></span> <span class='ocrx_word' id='word_1_202' title='bbox 386 3217 457 3288; x_wconf 87' lang='grc'><strong>622.)</strong></span> <span class='ocrx_word' id='word_1_203' title='bbox 491 3215 531 3272; x_wconf 83' lang='lat' dir='ltr'><strong>Ut</strong></span> <span class='ocrx_word' id='word_1_204' title='bbox 548 3221 661 3272; x_wconf 87' lang='lat' dir='ltr'><strong>ventum</strong></span> <span class='ocrx_word' id='word_1_205' title='bbox 679 3217 715 3273; x_wconf 81' lang='lat' dir='ltr'><strong>sd</strong></span> <span class='ocrx_word' id='word_1_206' title='bbox 733 3215 945 3300; x_wconf 36' lang='lat' dir='ltr'><strong>Cannaspurbis</strong></span> <span class='ocrx_word' id='word_1_207' title='bbox 963 3216 1082 3287; x_wconf 86' lang='lat' dir='ltr'><strong>vestigia</strong></span> <span class='ocrx_word' id='word_1_208' title='bbox 1095 3195 1217 3288; x_wconf 84' lang='lat' dir='ltr'><strong>priscae,</strong></span> <span class='ocrx_word' id='word_1_209' title='bbox 1229 3260 1235 3274; x_wconf 92' lang='lat'><strong>.</strong></span> <span class='ocrx_word' id='word_1_210' title='bbox 1249 3260 1276 3272; x_wconf 89' lang='lat'><strong>..</strong></span> 
     </span>
    </p>
   </div>
   <div class='ocr_carea' id='block_1_8' title="bbox 314 3337 1530 4252">
    <p class='ocr_par' dir='ltr' id='par_1_10' title="bbox 314 3337 1530 4149">
     <span class='ocr_line' id='line_1_28' title="bbox 315 3337 1430 3427; baseline 0.001 -24"><span class='ocrx_word' id='word_1_211' title='bbox 315 3338 432 3404; x_wconf 89' lang='lat' dir='ltr'><strong>Livius</strong></span> <span class='ocrx_word' id='word_1_212' title='bbox 454 3337 510 3403; x_wconf 93' lang='lat' dir='ltr'><strong>lib.</strong></span> <span class='ocrx_word' id='word_1_213' title='bbox 533 3343 591 3424; x_wconf 89' lang='grc'><strong>22,</strong></span> <span class='ocrx_word' id='word_1_214' title='bbox 620 3363 691 3427; x_wconf 89' lang='lat' dir='ltr'><strong>cap.</strong></span> <span class='ocrx_word' id='word_1_215' title='bbox 717 3343 770 3407; x_wconf 90' lang='grc'><strong>44.</strong></span> <span class='ocrx_word' id='word_1_216' title='bbox 798 3348 831 3404; x_wconf 85' lang='lat' dir='ltr'><strong>et</strong></span> <span class='ocrx_word' id='word_1_217' title='bbox 857 3343 909 3409; x_wconf 87' lang='lat'><strong>49.</strong></span> <span class='ocrx_word' id='word_1_218' title='bbox 941 3338 1072 3406; x_wconf 86' lang='lat' dir='ltr'><strong>Cannas</strong></span> <span class='ocrx_word' id='word_1_219' title='bbox 1095 3340 1204 3406; x_wconf 87' lang='lat' dir='ltr'><strong>vicum</strong></span> <span class='ocrx_word' id='word_1_220' title='bbox 1224 3341 1327 3408; x_wconf 83' lang='lat' dir='ltr'><strong>fuisse</strong></span> <span class='ocrx_word' id='word_1_221' title='bbox 1350 3340 1430 3407; x_wconf 90' lang='lat' dir='ltr'><strong>dicit</strong></span> 
     </span>
     <span class='ocr_line' id='line_1_29' title="bbox 314 3439 1427 3526; baseline 0 -20"><span class='ocrx_word' id='word_1_222' title='bbox 314 3463 420 3526; x_wconf 90' lang='lat' dir='ltr'><strong>neque</strong></span> <span class='ocrx_word' id='word_1_223' title='bbox 453 3439 634 3526; x_wconf 85' lang='lat' dir='ltr'><strong>quidquam</strong></span> <span class='ocrx_word' id='word_1_224' title='bbox 665 3439 769 3506; x_wconf 87' lang='lat' dir='ltr'><strong>tradit</strong></span> <span class='ocrx_word' id='word_1_225' title='bbox 799 3441 913 3522; x_wconf 87' lang='lat' dir='ltr'><strong>urbem</strong></span> <span class='ocrx_word' id='word_1_226' title='bbox 946 3439 1112 3526; x_wconf 87' lang='lat' dir='ltr'><strong>quondam</strong></span> <span class='ocrx_word' id='word_1_227' title='bbox 1144 3465 1182 3509; x_wconf 92' lang='lat' dir='ltr'><strong>eo</strong></span> <span class='ocrx_word' id='word_1_228' title='bbox 1214 3445 1289 3510; x_wconf 90' lang='lat' dir='ltr'><strong>loco</strong></span> <span class='ocrx_word' id='word_1_229' title='bbox 1317 3445 1427 3510; x_wconf 86' lang='lat' dir='ltr'><strong>fuisse.</strong></span> 
     </span>
     <span class='ocr_line' id='line_1_30' title="bbox 315 3543 1430 3634; baseline 0 -24"><span class='ocrx_word' id='word_1_230' title='bbox 315 3544 480 3610; x_wconf 90' lang='lat' dir='ltr'><strong>Necnon</strong></span> <span class='ocrx_word' id='word_1_231' title='bbox 509 3544 565 3608; x_wconf 84' lang='lat' dir='ltr'><strong>alii</strong></span> <span class='ocrx_word' id='word_1_232' title='bbox 592 3544 770 3631; x_wconf 84' lang='lat' dir='ltr'><strong>scriptores</strong></span> <span class='ocrx_word' id='word_1_233' title='bbox 797 3543 838 3609; x_wconf 91' lang='lat' dir='ltr'><strong>de</strong></span> <span class='ocrx_word' id='word_1_234' title='bbox 867 3567 905 3610; x_wconf 92' lang='lat' dir='ltr'><strong>ea</strong></span> <span class='ocrx_word' id='word_1_235' title='bbox 930 3567 966 3609; x_wconf 91' lang='lat' dir='ltr'><strong>re</strong></span> <span class='ocrx_word' id='word_1_236' title='bbox 988 3543 1094 3611; x_wconf 89' lang='lat' dir='ltr'><strong>silent.</strong></span> <span class='ocrx_word' id='word_1_237' title='bbox 1139 3543 1299 3634; x_wconf 89' lang='lat' dir='ltr'><strong>Polybius</strong></span> <span class='ocrx_word' id='word_1_238' title='bbox 1322 3555 1430 3612; x_wconf 88' lang='lat' dir='ltr'><strong>autem</strong></span> 
     </span>
     <span class='ocr_line' id='line_1_31' title="bbox 316 3632 1530 3736; baseline 0.002 -25"><span class='ocrx_word' id='word_1_239' title='bbox 316 3632 397 3712; x_wconf 84' lang='lat' dir='ltr'><strong>dicit</strong></span> <span class='ocrx_word' id='word_1_240' title='bbox 418 3646 475 3711; x_wconf 91' lang='lat' dir='ltr'><strong>lib.</strong></span> <span class='ocrx_word' id='word_1_241' title='bbox 498 3651 530 3731; x_wconf 87' lang='lat'><strong>3,</strong></span> <span class='ocrx_word' id='word_1_242' title='bbox 553 3670 623 3733; x_wconf 86' lang='lat' dir='ltr'><strong>cap.</strong></span> <span class='ocrx_word' id='word_1_243' title='bbox 644 3652 715 3731; x_wconf 85' lang='grc'><strong>107,</strong></span> <span class='ocrx_word' id='word_1_244' title='bbox 737 3651 784 3716; x_wconf 85' lang='grc' dir='ltr'><strong>2.ι</strong></span> <span class='ocrx_word' id='word_1_245' title='bbox 807 3647 913 3733; x_wconf 78' lang='grc' dir='ltr'><strong>κρίνων</strong></span> <span class='ocrx_word' id='word_1_246' title='bbox 934 3647 970 3713; x_wconf 86' lang='grc' dir='ltr'><strong>δέ</strong></span> <span class='ocrx_word' id='word_1_247' title='bbox 990 3649 1149 3736; x_wconf 81' lang='grc' dir='ltr'><strong>συμφέρειν</strong></span> <span class='ocrx_word' id='word_1_248' title='bbox 1169 3647 1205 3716; x_wconf 80' lang='grc' dir='ltr'><strong>τ“ο</strong></span> <span class='ocrx_word' id='word_1_249' title='bbox 1227 3645 1313 3716; x_wconf 87' lang='grc' dir='ltr'><strong>κατὰ</strong></span> <span class='ocrx_word' id='word_1_250' title='bbox 1328 3647 1429 3716; x_wconf 81' lang='grc' dir='ltr'><strong>πάντα</strong></span> <span class='ocrx_word' id='word_1_251' title='bbox 1529 3711 1530 3728; x_wconf 59' lang='grc'>,</span> 
     </span>
     <span class='ocr_line' id='line_1_32' title="bbox 315 3745 1431 3838; baseline 0 -22"><span class='ocrx_word' id='word_1_252' title='bbox 315 3749 433 3835; x_wconf 86' lang='grc' dir='ltr'><strong>τρότον·</strong></span> <span class='ocrx_word' id='word_1_253' title='bbox 447 3745 626 3837; x_wconf 84' lang='grc' dir='ltr'><strong>ἀναγκάσαι</strong></span> <span class='ocrx_word' id='word_1_254' title='bbox 647 3748 807 3838; x_wconf 63' lang='grc' dir='ltr'><strong>μάχοσὶιαι</strong></span> <span class='ocrx_word' id='word_1_255' title='bbox 828 3747 901 3828; x_wconf 82' lang='grc' dir='ltr'><strong>τοὺς</strong></span> <span class='ocrx_word' id='word_1_256' title='bbox 921 3751 1095 3836; x_wconf 77' lang='grc' dir='ltr'><strong>πολεμίους,</strong></span> <span class='ocrx_word' id='word_1_257' title='bbox 1117 3751 1353 3838; x_wconf 80' lang='grc' dir='ltr'><strong>καταλαμβάνει</strong></span> <span class='ocrx_word' id='word_1_258' title='bbox 1374 3750 1431 3838; x_wconf 76' lang='grc' dir='ltr'><strong>τὴν</strong></span> 
     </span>
     <span class='ocr_line' id='line_1_33' title="bbox 317 3851 1431 3942; baseline -0.001 -20"><span class='ocrx_word' id='word_1_259' title='bbox 317 3855 375 3940; x_wconf 68' lang='grc' dir='ltr'><strong>τῆς</strong></span> <span class='ocrx_word' id='word_1_260' title='bbox 394 3852 518 3941; x_wconf 84' lang='grc' dir='ltr'><strong>Κάννης</strong></span> <span class='ocrx_word' id='word_1_261' title='bbox 539 3855 834 3942; x_wconf 66' lang='grc' dir='ltr'><strong>προσαγορευομένης</strong></span> <span class='ocrx_word' id='word_1_262' title='bbox 860 3853 975 3934; x_wconf 76' lang='grc' dir='ltr'>πόλεως</span> <span class='ocrx_word' id='word_1_263' title='bbox 996 3851 1096 3942; x_wconf 74' lang='grc' dir='ltr'><strong>ἄκραν</strong></span> <span class='ocrx_word' id='word_1_264' title='bbox 1118 3893 1159 3902; x_wconf 90' lang='lat'><strong>-—</strong></span> <span class='ocrx_word' id='word_1_265' title='bbox 1182 3855 1284 3938; x_wconf 82' lang='lat'><strong>...§.</strong></span> <span class='ocrx_word' id='word_1_266' title='bbox 1307 3860 1355 3924; x_wconf 81' lang='lat'><strong>4.=</strong></span> <span class='ocrx_word' id='word_1_267' title='bbox 1376 3852 1431 3942; x_wconf 75' lang='grc' dir='ltr'><strong>τὴν</strong></span> 
     </span>
     <span class='ocr_line' id='line_1_34' title="bbox 317 3946 1430 4045; baseline 0.001 -23"><span class='ocrx_word' id='word_1_268' title='bbox 317 3953 373 4040; x_wconf 83' lang='grc' dir='ltr'><strong>μὲν</strong></span> <span class='ocrx_word' id='word_1_269' title='bbox 394 3946 445 4022; x_wconf 77' lang='grc' dir='ltr'><strong>οὖν</strong></span> <span class='ocrx_word' id='word_1_270' title='bbox 466 3954 553 4026; x_wconf 79' lang='grc' dir='ltr'><strong>πόλιν</strong></span> <span class='ocrx_word' id='word_1_271' title='bbox 574 3958 620 4024; x_wconf 82' lang='grc' dir='ltr'><strong>ἔτι</strong></span> <span class='ocrx_word' id='word_1_272' title='bbox 639 3955 782 4045; x_wconf 81' lang='grc' dir='ltr'><strong>πρότερον</strong></span> <span class='ocrx_word' id='word_1_273' title='bbox 804 3958 954 4040; x_wconf 84' lang='grc' dir='ltr'><strong>συνέβαινε</strong></span> <span class='ocrx_word' id='word_1_274' title='bbox 974 3957 1204 4045; x_wconf 70' lang='grc' dir='ltr'><strong>κατεσκοὶρὶιαι.</strong></span> <span class='ocrx_word' id='word_1_275' title='bbox 1241 3958 1329 4028; x_wconf 77' lang='lat' dir='ltr'><strong>Aliis</strong></span> <span class='ocrx_word' id='word_1_276' title='bbox 1351 3981 1430 4044; x_wconf 90' lang='lat' dir='ltr'><strong>quo-</strong></span> 
     </span>
     <span class='ocr_line' id='line_1_35' title="bbox 318 4058 1118 4149; baseline 0.005 -27"><span class='ocrx_word' id='word_1_277' title='bbox 318 4081 382 4143; x_wconf 92' lang='lat' dir='ltr'><strong>que</strong></span> <span class='ocrx_word' id='word_1_278' title='bbox 403 4058 485 4126; x_wconf 90' lang='lat' dir='ltr'><strong>locis</strong></span> <span class='ocrx_word' id='word_1_279' title='bbox 508 4058 668 4148; x_wconf 88' lang='lat' dir='ltr'><strong>Polybius</strong></span> <span class='ocrx_word' id='word_1_280' title='bbox 692 4059 822 4128; x_wconf 81' lang='lat' dir='ltr'><strong>Cannas</strong></span> <span class='ocrx_word' id='word_1_281' title='bbox 844 4061 901 4149; x_wconf 79' lang='grc' dir='ltr'><strong>τὴν</strong></span> <span class='ocrx_word' id='word_1_282' title='bbox 922 4059 1006 4129; x_wconf 77' lang='lat' dir='ltr'><strong>uilo</strong></span> <span class='ocrx_word' id='word_1_283' title='bbox 1028 4061 1118 4126; x_wconf 88' lang='lat' dir='ltr'><strong>dicit.</strong></span> 
     </span>
    </p>

    <p class='ocr_par' dir='ltr' id='par_1_11' title="bbox 405 4161 1432 4252">
     <span class='ocr_line' id='line_1_36' title="bbox 405 4161 1432 4252; baseline 0.003 -25"><span class='ocrx_word' id='word_1_284' title='bbox 405 4164 446 4245; x_wconf 92' lang='grc'><strong>9.,</strong></span> <span class='ocrx_word' id='word_1_285' title='bbox 469 4161 558 4228; x_wconf 89' lang='lat' dir='ltr'><strong>Ante</strong></span> <span class='ocrx_word' id='word_1_286' title='bbox 580 4162 664 4230; x_wconf 85' lang='lat' dir='ltr'><strong>hano</strong></span> <span class='ocrx_word' id='word_1_287' title='bbox 685 4187 831 4252; x_wconf 84' lang='lat' dir='ltr'><strong>pugnam</strong></span> <span class='ocrx_word' id='word_1_288' title='bbox 847 4162 1048 4234; x_wconf 87' lang='lat' dir='ltr'><strong>Cannensem</strong></span> <span class='ocrx_word' id='word_1_289' title='bbox 1064 4164 1232 4230; x_wconf 89' lang='lat' dir='ltr'><strong>Hannibal</strong></span> <span class='ocrx_word' id='word_1_290' title='bbox 1255 4163 1298 4230; x_wconf 87' lang='lat' dir='ltr'><strong>ed</strong></span> <span class='ocrx_word' id='word_1_291' title='bbox 1311 4165 1432 4230; x_wconf 88' lang='lat' dir='ltr'><strong>milites</strong></span> 
     </span>
    </p>
   </div>
   <div class='ocr_carea' id='block_1_9' title="bbox 0 0 1570 4880">
    <p class='ocr_par' dir='ltr' id='par_1_12' title="bbox 0 0 1570 4880">
     <span class='ocr_line' id='line_1_37' title="bbox 0 0 1570 4880; baseline 0 0"><span class='ocrx_word' id='word_1_292' title='bbox 0 0 1570 4880; x_wconf 95' lang='lat' dir='ltr'><strong> </strong></span> 
     </span>
    </p>
   </div>
  </div>
 </body>
</html>
