<?xml version="1.0" encoding="UTF-8"?>
<!DOCTYPE html PUBLIC "-//W3C//DTD XHTML 1.0 Transitional//EN"
    "http://www.w3.org/TR/xhtml1/DTD/xhtml1-transitional.dtd">
<html xmlns="http://www.w3.org/1999/xhtml" xml:lang="en" lang="en">
 <head>
  <title>
</title>
<meta http-equiv="Content-Type" content="text/html;charset=utf-8" />
  <meta name='ocr-system' content='tesseract 3.04.00' />
  <meta name='ocr-capabilities' content='ocr_page ocr_carea ocr_par ocr_line ocrx_word'/>
</head>
<body>
  <div class='ocr_page' id='page_1' title='image "./decsiliiitalici00wezegoog_0064.png"; bbox 0 0 3096 4880; ppageno 0'>
   <div class='ocr_carea' id='block_1_1' title="bbox 755 267 770 304">
    <p class='ocr_par' dir='ltr' id='par_1_1' title="bbox 755 267 770 304">
     <span class='ocr_line' id='line_1_1' title="bbox 755 267 770 304; baseline 0 0"><span class='ocrx_word' id='word_1_1' title='bbox 755 267 770 304; x_wconf 62' lang='grc' dir='ltr'>ἱ</span> 
     </span>
    </p>
   </div>
   <div class='ocr_carea' id='block_1_2' title="bbox 628 345 669 411">
    <p class='ocr_par' dir='ltr' id='par_1_2' title="bbox 628 345 669 411">
     <span class='ocr_line' id='line_1_2' title="bbox 628 345 669 411; baseline -0.024 0"><span class='ocrx_word' id='word_1_2' title='bbox 628 345 669 411; x_wconf 83' lang='lat'>59</span> 
     </span>
    </p>
   </div>
   <div class='ocr_carea' id='block_1_3' title="bbox 78 527 1297 1625">
    <p class='ocr_par' dir='ltr' id='par_1_3' title="bbox 78 527 1297 1235">
     <span class='ocr_line' id='line_1_3' title="bbox 82 527 1210 617; baseline 0.002 -23"><span class='ocrx_word' id='word_1_3' title='bbox 82 538 195 594; x_wconf 85' lang='lat' dir='ltr'>autem</span> <span class='ocrx_word' id='word_1_4' title='bbox 223 530 387 596; x_wconf 75' lang='lat' dir='ltr'>lunonem</span> <span class='ocrx_word' id='word_1_5' title='bbox 411 530 580 616; x_wconf 79' lang='lat' dir='ltr'><strong>Sospitam</strong></span> <span class='ocrx_word' id='word_1_6' title='bbox 609 553 681 595; x_wconf 90' lang='lat' dir='ltr'>esse</span> <span class='ocrx_word' id='word_1_7' title='bbox 707 531 829 596; x_wconf 87' lang='lat' dir='ltr'>cultam</span> <span class='ocrx_word' id='word_1_8' title='bbox 853 527 969 595; x_wconf 83' lang='lat' dir='ltr'>Cicero</span> <span class='ocrx_word' id='word_1_9' title='bbox 996 553 1128 617; x_wconf 89' lang='lat' dir='ltr'>quoque</span> <span class='ocrx_word' id='word_1_10' title='bbox 1149 553 1210 596; x_wconf 91' lang='lat' dir='ltr'>nos</span> 
     </span>
     <span class='ocr_line' id='line_1_4' title="bbox 80 632 1211 718; baseline 0 -21"><span class='ocrx_word' id='word_1_11' title='bbox 80 632 181 698; x_wconf 88' lang='lat' dir='ltr'>docet</span> <span class='ocrx_word' id='word_1_12' title='bbox 203 633 244 698; x_wconf 91' lang='lat' dir='ltr'>de</span> <span class='ocrx_word' id='word_1_13' title='bbox 266 633 402 698; x_wconf 91' lang='lat' dir='ltr'>deorum</span> <span class='ocrx_word' id='word_1_14' title='bbox 430 643 552 698; x_wconf 87' lang='lat' dir='ltr'>natura</span> <span class='ocrx_word' id='word_1_15' title='bbox 577 637 603 700; x_wconf 92' lang='lat' dir='ltr'>l.</span> <span class='ocrx_word' id='word_1_16' title='bbox 627 637 678 700; x_wconf 77' lang='lat'>29.</span> <span class='ocrx_word' id='word_1_17' title='bbox 704 637 772 701; x_wconf 65' lang='lat'>82:</span> <span class='ocrx_word' id='word_1_18' title='bbox 804 642 873 697; x_wconf 92' lang='lat' dir='ltr'>tam</span> <span class='ocrx_word' id='word_1_19' title='bbox 896 633 1005 698; x_wconf 87' lang='lat' dir='ltr'>hercle</span> <span class='ocrx_word' id='word_1_20' title='bbox 1027 657 1126 718; x_wconf 92' lang='lat' dir='ltr'>quam</span> <span class='ocrx_word' id='word_1_21' title='bbox 1148 634 1211 698; x_wconf 89' lang='lat' dir='ltr'>tibi</span> 
     </span>
     <span class='ocr_line' id='line_1_5' title="bbox 78 736 1210 822; baseline -0.001 -21"><span class='ocrx_word' id='word_1_22' title='bbox 78 738 174 801; x_wconf 89' lang='lat' dir='ltr'>illam</span> <span class='ocrx_word' id='word_1_23' title='bbox 201 746 346 802; x_wconf 81' lang='lat' dir='ltr'>vestram</span> <span class='ocrx_word' id='word_1_24' title='bbox 374 736 543 821; x_wconf 75' lang='lat' dir='ltr'><strong>Sospitam</strong></span> <span class='ocrx_word' id='word_1_25' title='bbox 560 785 696 801; x_wconf 90' lang='grc'><strong>......</strong></span> <span class='ocrx_word' id='word_1_26' title='bbox 714 759 792 822; x_wconf 81' lang='lat' dir='ltr'>ergo</span> <span class='ocrx_word' id='word_1_27' title='bbox 821 736 886 800; x_wconf 89' lang='lat' dir='ltr'>alia</span> <span class='ocrx_word' id='word_1_28' title='bbox 917 738 1042 822; x_wconf 88' lang='lat' dir='ltr'>species</span> <span class='ocrx_word' id='word_1_29' title='bbox 1065 736 1210 802; x_wconf 76' lang='lat' dir='ltr'>lunonis</span> 
     </span>
     <span class='ocr_line' id='line_1_6' title="bbox 79 839 1210 926; baseline 0.002 -20"><span class='ocrx_word' id='word_1_30' title='bbox 79 841 237 926; x_wconf 75' lang='lat' dir='ltr'>ArgiviS,</span> <span class='ocrx_word' id='word_1_31' title='bbox 266 840 331 904; x_wconf 87' lang='lat' dir='ltr'>alia</span> <span class='ocrx_word' id='word_1_32' title='bbox 357 839 539 904; x_wconf 85' lang='lat' dir='ltr'>Lanuvinis</span> <span class='ocrx_word' id='word_1_33' title='bbox 556 887 690 902; x_wconf 89' lang='grc'><strong>......</strong></span> <span class='ocrx_word' id='word_1_34' title='bbox 698 889 706 921; x_wconf 77' lang='grc'><em>,</em></span> <span class='ocrx_word' id='word_1_35' title='bbox 737 848 770 903; x_wconf 88' lang='lat' dir='ltr'>et</span> <span class='ocrx_word' id='word_1_36' title='bbox 796 861 857 924; x_wconf 92' lang='lat' dir='ltr'>pro</span> <span class='ocrx_word' id='word_1_37' title='bbox 885 839 1028 904; x_wconf 90' lang='lat' dir='ltr'>Murena</span> <span class='ocrx_word' id='word_1_38' title='bbox 1053 844 1112 923; x_wconf 83' lang='lat'>41,</span> <span class='ocrx_word' id='word_1_39' title='bbox 1139 843 1210 924; x_wconf 71' lang='grc'><strong>90.;</strong></span> 
     </span>
     <span class='ocr_line' id='line_1_7' title="bbox 79 937 1211 1026; baseline -0.001 -20"><span class='ocrx_word' id='word_1_40' title='bbox 79 942 159 1008; x_wconf 86' lang='lat' dir='ltr'>date</span> <span class='ocrx_word' id='word_1_41' title='bbox 181 945 281 1008; x_wconf 89' lang='lat' dir='ltr'>etiam</span> <span class='ocrx_word' id='word_1_42' title='bbox 307 942 474 1026; x_wconf 80' lang='lat' dir='ltr'>Lanuvio,</span> <span class='ocrx_word' id='word_1_43' title='bbox 501 937 680 1026; x_wconf 90' lang='lat' dir='ltr'>municipio</span> <span class='ocrx_word' id='word_1_44' title='bbox 707 939 957 1026; x_wconf 79' lang='lat' dir='ltr'>honestissimo,</span> <span class='ocrx_word' id='word_1_45' title='bbox 981 939 1071 1026; x_wconf 87' lang='lat' dir='ltr'>quod</span> <span class='ocrx_word' id='word_1_46' title='bbox 1093 942 1126 1005; x_wconf 94' lang='lat' dir='ltr'>in</span> <span class='ocrx_word' id='word_1_47' title='bbox 1149 940 1211 1005; x_wconf 92' lang='lat' dir='ltr'>hac</span> 
     </span>
     <span class='ocr_line' id='line_1_8' title="bbox 80 1043 1297 1130; baseline 0.001 -21"><span class='ocrx_word' id='word_1_48' title='bbox 80 1053 155 1110; x_wconf 84' lang='lat' dir='ltr'>lota</span> <span class='ocrx_word' id='word_1_49' title='bbox 182 1064 283 1110; x_wconf 87' lang='lat' dir='ltr'>causa</span> <span class='ocrx_word' id='word_1_50' title='bbox 308 1047 461 1130; x_wconf 83' lang='lat' dir='ltr'>frequens</span> <span class='ocrx_word' id='word_1_51' title='bbox 494 1052 720 1128; x_wconf 84' lang='lat' dir='ltr'>moestumque</span> <span class='ocrx_word' id='word_1_52' title='bbox 747 1043 897 1123; x_wconf 83' lang='lat' dir='ltr'>vidistis3</span> <span class='ocrx_word' id='word_1_53' title='bbox 929 1045 1032 1108; x_wconf 87' lang='lat' dir='ltr'>nolite</span> <span class='ocrx_word' id='word_1_54' title='bbox 1060 1069 1079 1108; x_wconf 90' lang='lat' dir='ltr'>a</span> <span class='ocrx_word' id='word_1_55' title='bbox 1108 1045 1211 1110; x_wconf 87' lang='lat' dir='ltr'>sacris</span> <span class='ocrx_word' id='word_1_56' title='bbox 1295 1067 1297 1072; x_wconf 89' lang='lat'>·</span> 
     </span>
     <span class='ocr_line' id='line_1_9' title="bbox 81 1146 1123 1235; baseline -0.001 -23"><span class='ocrx_word' id='word_1_57' title='bbox 81 1149 200 1235; x_wconf 86' lang='lat' dir='ltr'>patriis</span> <span class='ocrx_word' id='word_1_58' title='bbox 224 1148 367 1214; x_wconf 73' lang='lat' dir='ltr'>lunonis</span> <span class='ocrx_word' id='word_1_59' title='bbox 391 1146 545 1234; x_wconf 82' lang='lat' dir='ltr'>Sospitae</span> <span class='ocrx_word' id='word_1_60' title='bbox 561 1195 671 1211; x_wconf 90' lang='grc'><strong>.....</strong></span> <span class='ocrx_word' id='word_1_61' title='bbox 689 1147 856 1211; x_wconf 90' lang='lat' dir='ltr'>consulem</span> <span class='ocrx_word' id='word_1_62' title='bbox 873 1196 880 1211; x_wconf 91' lang='lat'><strong><em>.</em></strong></span> <span class='ocrx_word' id='word_1_63' title='bbox 899 1195 906 1210; x_wconf 91' lang='lat'><strong>.</strong></span> <span class='ocrx_word' id='word_1_64' title='bbox 925 1195 931 1210; x_wconf 94' lang='lat'><em>.</em></span> <span class='ocrx_word' id='word_1_65' title='bbox 950 1195 956 1210; x_wconf 94' lang='lat'>.</span> <span class='ocrx_word' id='word_1_66' title='bbox 975 1147 1123 1212; x_wconf 88' lang='lat' dir='ltr'>avellere.</span> 
     </span>
    </p>

    <p class='ocr_par' dir='ltr' id='par_1_4' title="bbox 80 1246 1212 1625">
     <span class='ocr_line' id='line_1_10' title="bbox 169 1246 1212 1335; baseline -0.006 -15"><span class='ocrx_word' id='word_1_67' title='bbox 169 1255 214 1335; x_wconf 78' lang='grc'>9.,</span> <span class='ocrx_word' id='word_1_68' title='bbox 237 1251 341 1316; x_wconf 85' lang='lat' dir='ltr'>Libro</span> <span class='ocrx_word' id='word_1_69' title='bbox 366 1253 422 1334; x_wconf 76' lang='lat'>13‚</span> <span class='ocrx_word' id='word_1_70' title='bbox 451 1275 482 1314; x_wconf 80' lang='lat' dir='ltr'>u.</span> <span class='ocrx_word' id='word_1_71' title='bbox 505 1253 696 1318; x_wconf 83' lang='grc'>471.-487.</span> <span class='ocrx_word' id='word_1_72' title='bbox 725 1246 828 1314; x_wconf 84' lang='lat' dir='ltr'>Silius</span> <span class='ocrx_word' id='word_1_73' title='bbox 856 1248 897 1312; x_wconf 90' lang='lat' dir='ltr'>de</span> <span class='ocrx_word' id='word_1_74' title='bbox 920 1250 1022 1316; x_wconf 83' lang='lat' dir='ltr'>variis</span> <span class='ocrx_word' id='word_1_75' title='bbox 1044 1251 1212 1315; x_wconf 84' lang='lat' dir='ltr'>variorum</span> 
     </span>
     <span class='ocr_line' id='line_1_11' title="bbox 80 1351 1212 1441; baseline -0.001 -22"><span class='ocrx_word' id='word_1_76' title='bbox 80 1355 282 1441; x_wconf 91' lang='lat' dir='ltr'>populorum</span> <span class='ocrx_word' id='word_1_77' title='bbox 309 1351 488 1440; x_wconf 87' lang='lat' dir='ltr'>sepeliendi</span> <span class='ocrx_word' id='word_1_78' title='bbox 514 1352 634 1417; x_wconf 89' lang='lat' dir='ltr'>ritibus</span> <span class='ocrx_word' id='word_1_79' title='bbox 661 1351 766 1415; x_wconf 88' lang='lat' dir='ltr'>multa</span> <span class='ocrx_word' id='word_1_80' title='bbox 793 1351 936 1437; x_wconf 79' lang='lat' dir='ltr'>profert,</span> <span class='ocrx_word' id='word_1_81' title='bbox 971 1372 1113 1437; x_wconf 87' lang='lat' dir='ltr'>quorum</span> <span class='ocrx_word' id='word_1_82' title='bbox 1145 1377 1212 1418; x_wconf 93' lang='lat' dir='ltr'>non</span> 
     </span>
     <span class='ocr_line' id='line_1_12' title="bbox 82 1453 1210 1543; baseline 0.001 -22"><span class='ocrx_word' id='word_1_83' title='bbox 82 1480 190 1543; x_wconf 90' lang='lat' dir='ltr'>pauca</span> <span class='ocrx_word' id='word_1_84' title='bbox 213 1481 254 1521; x_wconf 85' lang='lat' dir='ltr'>ex</span> <span class='ocrx_word' id='word_1_85' title='bbox 277 1453 447 1522; x_wconf 79' lang='lat' dir='ltr'>Ciceronis</span> <span class='ocrx_word' id='word_1_86' title='bbox 468 1455 561 1521; x_wconf 87' lang='lat' dir='ltr'>libris</span> <span class='ocrx_word' id='word_1_87' title='bbox 585 1462 717 1540; x_wconf 87' lang='lat' dir='ltr'>sumpta</span> <span class='ocrx_word' id='word_1_88' title='bbox 740 1475 812 1520; x_wconf 85' lang='lat' dir='ltr'>esse</span> <span class='ocrx_word' id='word_1_89' title='bbox 835 1464 983 1540; x_wconf 88' lang='lat' dir='ltr'>apparet.</span> <span class='ocrx_word' id='word_1_90' title='bbox 1030 1453 1210 1542; x_wconf 80' lang='lat' dir='ltr'>Compares</span> 
     </span>
     <span class='ocr_line' id='line_1_13' title="bbox 82 1559 452 1625; baseline -0.003 -1"><span class='ocrx_word' id='word_1_91' title='bbox 82 1560 171 1624; x_wconf 92' lang='lat' dir='ltr'>enim</span> <span class='ocrx_word' id='word_1_92' title='bbox 192 1560 278 1624; x_wconf 89' lang='lat' dir='ltr'>inter</span> <span class='ocrx_word' id='word_1_93' title='bbox 301 1583 335 1625; x_wconf 90' lang='lat' dir='ltr'>se</span> <span class='ocrx_word' id='word_1_94' title='bbox 356 1559 452 1624; x_wconf 87' lang='lat' dir='ltr'>haec:</span> 
     </span>
    </p>
   </div>
   <div class='ocr_carea' id='block_1_4' title="bbox 242 1745 1184 1816">
    <p class='ocr_par' dir='ltr' id='par_1_5' title="bbox 242 1745 1184 1816">
     <span class='ocr_line' id='line_1_14' title="bbox 242 1745 1184 1816; baseline 0 -14"><span class='ocrx_word' id='word_1_95' title='bbox 242 1749 340 1803; x_wconf 78' lang='lat' dir='ltr'><em>Silius.</em></span> <span class='ocrx_word' id='word_1_96' title='bbox 357 1749 404 1804; x_wconf 80' lang='lat' dir='ltr'>lib.</span> <span class='ocrx_word' id='word_1_97' title='bbox 423 1749 465 1803; x_wconf 88' lang='lat'>13.</span> <span class='ocrx_word' id='word_1_98' title='bbox 717 1746 773 1802; x_wconf 82' lang='lat' dir='ltr'>Cic.</span> <span class='ocrx_word' id='word_1_99' title='bbox 795 1745 905 1801; x_wconf 74' lang='lat' dir='ltr'>Pascal.</span> <span class='ocrx_word' id='word_1_100' title='bbox 924 1745 998 1816; x_wconf 79' lang='lat' dir='ltr'>disp.</span> <span class='ocrx_word' id='word_1_101' title='bbox 1018 1748 1042 1802; x_wconf 87' lang='lat'>1.</span> <span class='ocrx_word' id='word_1_102' title='bbox 1061 1749 1104 1804; x_wconf 83' lang='lat'>45.</span> <span class='ocrx_word' id='word_1_103' title='bbox 1125 1749 1184 1804; x_wconf 88' lang='grc'>108.</span> 
     </span>
    </p>
   </div>
   <div class='ocr_carea' id='block_1_5' title="bbox 85 1850 1213 2448">
    <p class='ocr_par' dir='ltr' id='par_1_6' title="bbox 85 1850 1213 2448">
     <span class='ocr_line' id='line_1_15' title="bbox 85 1850 1211 1924; baseline -0.002 -15"><span class='ocrx_word' id='word_1_104' title='bbox 85 1854 170 1924; x_wconf 79' lang='grc'>(474.)</span> <span class='ocrx_word' id='word_1_105' title='bbox 374 1851 512 1924; x_wconf 83' lang='lat' dir='ltr'>Aegyptia</span> <span class='ocrx_word' id='word_1_106' title='bbox 533 1851 617 1906; x_wconf 80' lang='lat' dir='ltr'>tellus</span> <span class='ocrx_word' id='word_1_107' title='bbox 682 1850 817 1906; x_wconf 90' lang='lat' dir='ltr'>condiunt</span> <span class='ocrx_word' id='word_1_108' title='bbox 833 1851 966 1922; x_wconf 72' lang='lat' dir='ltr'>Aegyptii</span> <span class='ocrx_word' id='word_1_109' title='bbox 983 1855 1109 1908; x_wconf 85' lang='lat' dir='ltr'>mortuos</span> <span class='ocrx_word' id='word_1_110' title='bbox 1122 1857 1151 1907; x_wconf 89' lang='lat' dir='ltr'>et</span> <span class='ocrx_word' id='word_1_111' title='bbox 1163 1871 1211 1908; x_wconf 90' lang='lat' dir='ltr'>eos</span> 
     </span>
     <span class='ocr_line' id='line_1_16' title="bbox 85 1939 931 2014; baseline -0.004 -19"><span class='ocrx_word' id='word_1_112' title='bbox 85 1942 196 1996; x_wconf 84' lang='lat' dir='ltr'>Claudit</span> <span class='ocrx_word' id='word_1_113' title='bbox 214 1941 330 1995; x_wconf 82' lang='lat' dir='ltr'>odorato</span> <span class='ocrx_word' id='word_1_114' title='bbox 355 1945 422 2014; x_wconf 85' lang='lat' dir='ltr'>post</span> <span class='ocrx_word' id='word_1_115' title='bbox 443 1939 524 1994; x_wconf 85' lang='lat' dir='ltr'>funus</span> <span class='ocrx_word' id='word_1_116' title='bbox 544 1944 617 1995; x_wconf 85' lang='lat' dir='ltr'>stan·</span> <span class='ocrx_word' id='word_1_117' title='bbox 717 1944 829 1994; x_wconf 85' lang='lat' dir='ltr'>servant</span> <span class='ocrx_word' id='word_1_118' title='bbox 847 1939 931 1993; x_wconf 88' lang='lat' dir='ltr'>domi.</span> 
     </span>
     <span class='ocr_line' id='line_1_17' title="bbox 119 2029 247 2083; baseline 0.008 -1"><span class='ocrx_word' id='word_1_119' title='bbox 119 2029 161 2083; x_wconf 78' lang='lat' dir='ltr'>tia</span> <span class='ocrx_word' id='word_1_120' title='bbox 180 2046 247 2083; x_wconf 87' lang='lat' dir='ltr'>saxo</span> 
     </span>
     <span class='ocr_line' id='line_1_18' title="bbox 85 2115 617 2187; baseline -0.004 -17"><span class='ocrx_word' id='word_1_121' title='bbox 85 2117 223 2187; x_wconf 85' lang='lat' dir='ltr'>Corpora,</span> <span class='ocrx_word' id='word_1_122' title='bbox 246 2121 274 2171; x_wconf 90' lang='lat' dir='ltr'>et</span> <span class='ocrx_word' id='word_1_123' title='bbox 293 2135 309 2170; x_wconf 90' lang='lat' dir='ltr'>a</span> <span class='ocrx_word' id='word_1_124' title='bbox 327 2115 429 2170; x_wconf 87' lang='lat' dir='ltr'>mensis</span> <span class='ocrx_word' id='word_1_125' title='bbox 450 2133 617 2186; x_wconf 83' lang='lat' dir='ltr'>exsanguem</span> 
     </span>
     <span class='ocr_line' id='line_1_19' title="bbox 119 2201 480 2273; baseline -0.003 -15"><span class='ocrx_word' id='word_1_126' title='bbox 119 2205 196 2258; x_wconf 91' lang='lat' dir='ltr'>haud</span> <span class='ocrx_word' id='word_1_127' title='bbox 216 2208 327 2273; x_wconf 86' lang='lat' dir='ltr'>separat</span> <span class='ocrx_word' id='word_1_128' title='bbox 343 2201 480 2258; x_wconf 89' lang='lat' dir='ltr'>umbram.</span> 
     </span>
     <span class='ocr_line' id='line_1_20' title="bbox 86 2283 1211 2366; baseline -0.002 -24"><span class='ocrx_word' id='word_1_129' title='bbox 86 2293 168 2362; x_wconf 84' lang='grc'>(473.)</span> <span class='ocrx_word' id='word_1_130' title='bbox 205 2291 293 2362; x_wconf 82' lang='lat' dir='ltr'>Regia</span> <span class='ocrx_word' id='word_1_131' title='bbox 316 2309 379 2346; x_wconf 84' lang='lat' dir='ltr'>cum</span> <span class='ocrx_word' id='word_1_132' title='bbox 403 2291 493 2346; x_wconf 82' lang='lat' dir='ltr'>lucem</span> <span class='ocrx_word' id='word_1_133' title='bbox 517 2309 617 2360; x_wconf 80' lang='lat' dir='ltr'>posue·</span> <span class='ocrx_word' id='word_1_134' title='bbox 680 2283 750 2338; x_wconf 76' lang='lat' dir='ltr'>ibid.</span> <span class='ocrx_word' id='word_1_135' title='bbox 786 2283 817 2338; x_wconf 82' lang='lat' dir='ltr'>in</span> <span class='ocrx_word' id='word_1_136' title='bbox 834 2283 973 2366; x_wconf 71' lang='lat' dir='ltr'>Hyrcania</span> <span class='ocrx_word' id='word_1_137' title='bbox 990 2283 1071 2352; x_wconf 76' lang='lat' dir='ltr'>plebs</span> <span class='ocrx_word' id='word_1_138' title='bbox 1083 2284 1211 2353; x_wconf 75' lang='lat' dir='ltr'>publicos</span> 
     </span>
     <span class='ocr_line' id='line_1_21' title="bbox 118 2372 1213 2448; baseline -0.004 -18"><span class='ocrx_word' id='word_1_139' title='bbox 118 2383 187 2434; x_wconf 81' lang='lat' dir='ltr'>runt</span> <span class='ocrx_word' id='word_1_140' title='bbox 203 2380 336 2448; x_wconf 76' lang='lat' dir='ltr'>membra,</span> <span class='ocrx_word' id='word_1_141' title='bbox 354 2381 504 2448; x_wconf 76' lang='lat' dir='ltr'>probatum</span> <span class='ocrx_word' id='word_1_142' title='bbox 517 2384 566 2434; x_wconf 72' lang='lat' dir='ltr'>‚est</span> <span class='ocrx_word' id='word_1_143' title='bbox 717 2372 768 2426; x_wconf 89' lang='lat' dir='ltr'>alit</span> <span class='ocrx_word' id='word_1_144' title='bbox 798 2386 892 2438; x_wconf 85' lang='lat' dir='ltr'>canes,</span> <span class='ocrx_word' id='word_1_145' title='bbox 913 2375 1078 2440; x_wconf 52' lang='lat' dir='ltr'>¹optumates</span> <span class='ocrx_word' id='word_1_146' title='bbox 1105 2372 1213 2428; x_wconf 86' lang='lat' dir='ltr'>domes·</span> 
     </span>
    </p>
   </div>
   <div class='ocr_carea' id='block_1_6' title="bbox 83 2459 1213 2616">
    <p class='ocr_par' dir='ltr' id='par_1_7' title="bbox 83 2459 1213 2616">
     <span class='ocr_line' id='line_1_22' title="bbox 83 2459 1213 2536; baseline -0.007 -13"><span class='ocrx_word' id='word_1_147' title='bbox 83 2467 222 2536; x_wconf 81' lang='lat' dir='ltr'>Hyrcanis</span> <span class='ocrx_word' id='word_1_148' title='bbox 240 2467 373 2522; x_wconf 87' lang='lat' dir='ltr'>adhibere</span> <span class='ocrx_word' id='word_1_149' title='bbox 392 2485 481 2522; x_wconf 83' lang='lat' dir='ltr'>canes.</span> <span class='ocrx_word' id='word_1_150' title='bbox 716 2460 800 2514; x_wconf 87' lang='lat' dir='ltr'>ticos:</span> <span class='ocrx_word' id='word_1_151' title='bbox 824 2459 917 2514; x_wconf 84' lang='lat' dir='ltr'>nobile</span> <span class='ocrx_word' id='word_1_152' title='bbox 940 2463 1033 2513; x_wconf 86' lang='lat' dir='ltr'>autem</span> <span class='ocrx_word' id='word_1_153' title='bbox 1056 2479 1143 2531; x_wconf 84' lang='lat' dir='ltr'>genus</span> <span class='ocrx_word' id='word_1_154' title='bbox 1169 2477 1213 2515; x_wconf 87' lang='lat' dir='ltr'>ca·</span> 
     </span>
     <span class='ocr_line' id='line_1_23' title="bbox 715 2546 1212 2616; baseline 0.004 -16"><span class='ocrx_word' id='word_1_155' title='bbox 715 2563 784 2606; x_wconf 84' lang='lat' dir='ltr'>num</span> <span class='ocrx_word' id='word_1_156' title='bbox 815 2546 886 2600; x_wconf 90' lang='lat' dir='ltr'>illud</span> <span class='ocrx_word' id='word_1_157' title='bbox 918 2547 1019 2600; x_wconf 82' lang='lat' dir='ltr'>scimus</span> <span class='ocrx_word' id='word_1_158' title='bbox 1051 2565 1125 2616; x_wconf 85' lang='lat' dir='ltr'>esse,</span> <span class='ocrx_word' id='word_1_159' title='bbox 1163 2549 1212 2602; x_wconf 86' lang='lat' dir='ltr'>sed</span> 
     </span>
    </p>
   </div>
   <div class='ocr_carea' id='block_1_7' title="bbox 84 2633 1214 3142">
    <p class='ocr_par' dir='ltr' id='par_1_8' title="bbox 84 2633 1214 3142">
     <span class='ocr_line' id='line_1_24' title="bbox 716 2633 1214 2706; baseline 0.006 -18"><span class='ocrx_word' id='word_1_160' title='bbox 716 2653 768 2706; x_wconf 88' lang='lat' dir='ltr'>pro</span> <span class='ocrx_word' id='word_1_161' title='bbox 788 2653 837 2689; x_wconf 87' lang='lat' dir='ltr'>sua</span> <span class='ocrx_word' id='word_1_162' title='bbox 851 2633 967 2704; x_wconf 87' lang='lat' dir='ltr'>quisque</span> <span class='ocrx_word' id='word_1_163' title='bbox 985 2635 1118 2689; x_wconf 80' lang='lat' dir='ltr'>facultate</span> <span class='ocrx_word' id='word_1_164' title='bbox 1131 2641 1214 2706; x_wconf 86' lang='lat' dir='ltr'>parat</span> 
     </span>
     <span class='ocr_line' id='line_1_25' title="bbox 717 2721 1212 2793; baseline 0.002 -15"><span class='ocrx_word' id='word_1_165' title='bbox 717 2721 852 2791; x_wconf 86' lang='lat' dir='ltr'>aquibus</span> <span class='ocrx_word' id='word_1_166' title='bbox 870 2722 1002 2790; x_wconf 89' lang='lat' dir='ltr'>lanietur,</span> <span class='ocrx_word' id='word_1_167' title='bbox 1025 2739 1140 2791; x_wconf 88' lang='lat' dir='ltr'>eamque</span> <span class='ocrx_word' id='word_1_168' title='bbox 1163 2741 1212 2793; x_wconf 87' lang='lat' dir='ltr'>op·</span> 
     </span>
     <span class='ocr_line' id='line_1_26' title="bbox 717 2811 1212 2882; baseline 0.002 -17"><span class='ocrx_word' id='word_1_169' title='bbox 717 2815 823 2865; x_wconf 83' lang='lat' dir='ltr'>tumam</span> <span class='ocrx_word' id='word_1_170' title='bbox 841 2811 883 2864; x_wconf 92' lang='lat' dir='ltr'>illi</span> <span class='ocrx_word' id='word_1_171' title='bbox 909 2827 970 2864; x_wconf 83' lang='lat' dir='ltr'>esse</span> <span class='ocrx_word' id='word_1_172' title='bbox 988 2816 1103 2866; x_wconf 80' lang='lat' dir='ltr'>censent</span> <span class='ocrx_word' id='word_1_173' title='bbox 1121 2814 1212 2882; x_wconf 85' lang='lat' dir='ltr'>sepul-</span> 
     </span>
     <span class='ocr_line' id='line_1_27' title="bbox 717 2903 819 2952; baseline -0.02 0"><span class='ocrx_word' id='word_1_174' title='bbox 717 2903 819 2952; x_wconf 87' lang='lat' dir='ltr'>turam.</span> 
     </span>
     <span class='ocr_line' id='line_1_28' title="bbox 84 2981 1213 3052; baseline 0.002 -14"><span class='ocrx_word' id='word_1_175' title='bbox 84 2983 168 3052; x_wconf 78' lang='grc'>(477.)</span> <span class='ocrx_word' id='word_1_176' title='bbox 203 2981 348 3048; x_wconf 82' lang='lat' dir='ltr'>Exhausto</span> <span class='ocrx_word' id='word_1_177' title='bbox 371 2981 494 3037; x_wconf 86' lang='lat' dir='ltr'>instituit</span> <span class='ocrx_word' id='word_1_178' title='bbox 511 2983 617 3038; x_wconf 88' lang='lat' dir='ltr'>Pontus</span> <span class='ocrx_word' id='word_1_179' title='bbox 681 2986 752 3042; x_wconf 78' lang='lat' dir='ltr'>ibid.</span> <span class='ocrx_word' id='word_1_180' title='bbox 787 2986 888 3042; x_wconf 82' lang='lat' dir='ltr'>Persae</span> <span class='ocrx_word' id='word_1_181' title='bbox 911 2985 996 3040; x_wconf 87' lang='lat' dir='ltr'>etiam</span> <span class='ocrx_word' id='word_1_182' title='bbox 1019 3004 1082 3041; x_wconf 85' lang='lat' dir='ltr'>cera</span> <span class='ocrx_word' id='word_1_183' title='bbox 1099 2989 1213 3048; x_wconf 87' lang='lat' dir='ltr'>circum-</span> 
     </span>
     <span class='ocr_line' id='line_1_29' title="bbox 120 3071 1213 3142; baseline 0.008 -19"><span class='ocrx_word' id='word_1_184' title='bbox 120 3088 240 3124; x_wconf 88' lang='lat' dir='ltr'>vacuare</span> <span class='ocrx_word' id='word_1_185' title='bbox 258 3071 374 3125; x_wconf 84' lang='lat' dir='ltr'>cerebro</span> <span class='ocrx_word' id='word_1_186' title='bbox 717 3074 783 3127; x_wconf 83' lang='lat' dir='ltr'>litos</span> <span class='ocrx_word' id='word_1_187' title='bbox 802 3072 934 3141; x_wconf 86' lang='lat' dir='ltr'>condunt,</span> <span class='ocrx_word' id='word_1_188' title='bbox 953 3077 985 3126; x_wconf 82' lang='lat' dir='ltr'>ut</span> <span class='ocrx_word' id='word_1_189' title='bbox 1001 3077 1213 3142; x_wconf 69' lang='lat' dir='ltr'>quasimaxime</span> 
     </span>
    </p>
   </div>
   <div class='ocr_carea' id='block_1_8' title="bbox 84 3155 1212 3312">
    <p class='ocr_par' dir='ltr' id='par_1_9' title="bbox 84 3155 1212 3312">
     <span class='ocr_line' id='line_1_30' title="bbox 84 3155 1212 3232; baseline 0.009 -22"><span class='ocrx_word' id='word_1_190' title='bbox 84 3157 143 3210; x_wconf 88' lang='lat' dir='ltr'>Ora</span> <span class='ocrx_word' id='word_1_191' title='bbox 169 3155 262 3210; x_wconf 88' lang='lat' dir='ltr'>virum</span> <span class='ocrx_word' id='word_1_192' title='bbox 288 3163 318 3212; x_wconf 88' lang='lat' dir='ltr'>et</span> <span class='ocrx_word' id='word_1_193' title='bbox 345 3159 455 3228; x_wconf 72' lang='lat' dir='ltr'>lonyum</span> <span class='ocrx_word' id='word_1_194' title='bbox 477 3159 618 3214; x_wconf 72' lang='lat' dir='ltr'>predicata</span> <span class='ocrx_word' id='word_1_195' title='bbox 713 3165 897 3232; x_wconf 71' lang='lat' dir='ltr'>pertranseunt</span> <span class='ocrx_word' id='word_1_196' title='bbox 924 3160 1062 3216; x_wconf 78' lang='lat' dir='ltr'>diuturna</span> <span class='ocrx_word' id='word_1_197' title='bbox 1085 3179 1212 3232; x_wconf 69' lang='lat' dir='ltr'>corpora.</span> 
     </span>
     <span class='ocr_line' id='line_1_31' title="bbox 122 3243 408 3312; baseline 0 -14"><span class='ocrx_word' id='word_1_198' title='bbox 122 3245 236 3312; x_wconf 78' lang='lat' dir='ltr'>reponit</span> <span class='ocrx_word' id='word_1_199' title='bbox 253 3243 285 3298; x_wconf 84' lang='lat' dir='ltr'>in</span> <span class='ocrx_word' id='word_1_200' title='bbox 304 3261 408 3300; x_wconf 82' lang='lat' dir='ltr'>aenum.</span> 
     </span>
    </p>
   </div>
   <div class='ocr_carea' id='block_1_9' title="bbox 83 3434 1212 3606">
    <p class='ocr_par' dir='ltr' id='par_1_10' title="bbox 83 3434 1212 3606">
     <span class='ocr_line' id='line_1_32' title="bbox 175 3434 1212 3526; baseline 0.007 -25"><span class='ocrx_word' id='word_1_201' title='bbox 175 3438 241 3517; x_wconf 78' lang='lat' dir='ltr'>lc,</span> <span class='ocrx_word' id='word_1_202' title='bbox 266 3434 378 3501; x_wconf 87' lang='lat' dir='ltr'>Verba</span> <span class='ocrx_word' id='word_1_203' title='bbox 405 3436 525 3522; x_wconf 89' lang='lat' dir='ltr'>quibus</span> <span class='ocrx_word' id='word_1_204' title='bbox 549 3437 661 3526; x_wconf 84' lang='lat' dir='ltr'>Scipio</span> <span class='ocrx_word' id='word_1_205' title='bbox 684 3437 854 3526; x_wconf 87' lang='lat' dir='ltr'>praedicat</span> <span class='ocrx_word' id='word_1_206' title='bbox 876 3437 1058 3523; x_wconf 82' lang='lat' dir='ltr'>Achillem,</span> <span class='ocrx_word' id='word_1_207' title='bbox 1081 3439 1136 3505; x_wconf 88' lang='lat' dir='ltr'>lib.</span> <span class='ocrx_word' id='word_1_208' title='bbox 1162 3445 1212 3524; x_wconf 83' lang='lat'>13,</span> 
     </span>
     <span class='ocr_line' id='line_1_33' title="bbox 83 3537 916 3606; baseline 0.006 -4"><span class='ocrx_word' id='word_1_209' title='bbox 83 3560 172 3602; x_wconf 85' lang='lat' dir='ltr'>vers.</span> <span class='ocrx_word' id='word_1_210' title='bbox 197 3541 269 3606; x_wconf 88' lang='grc'>796.</span> <span class='ocrx_word' id='word_1_211' title='bbox 293 3547 326 3602; x_wconf 88' lang='lat' dir='ltr'>et</span> <span class='ocrx_word' id='word_1_212' title='bbox 348 3542 416 3605; x_wconf 81' lang='lat'><strong>97.:</strong></span> <span class='ocrx_word' id='word_1_213' title='bbox 915 3537 916 3542; x_wconf 34' lang='lat'>¹</span> 
     </span>
    </p>
   </div>
   <div class='ocr_carea' id='block_1_10' title="bbox 662 3603 782 3635">
    <p class='ocr_par' dir='ltr' id='par_1_11' title="bbox 662 3603 782 3635">
     <span class='ocr_line' id='line_1_34' title="bbox 662 3603 782 3635; baseline 0.008 -1"><span class='ocrx_word' id='word_1_214' title='bbox 662 3619 664 3628; x_wconf 57' lang='grc' dir='ltr'><em>ι</em></span> <span class='ocrx_word' id='word_1_215' title='bbox 777 3603 782 3635; x_wconf 89' lang='lat' dir='ltr'>l</span> 
     </span>
    </p>
   </div>
   <div class='ocr_carea' id='block_1_11' title="bbox 236 3693 1055 3853">
    <p class='ocr_par' dir='ltr' id='par_1_12' title="bbox 236 3693 1055 3853">
     <span class='ocr_line' id='line_1_35' title="bbox 293 3693 1055 3772; baseline 0.009 -25"><span class='ocrx_word' id='word_1_216' title='bbox 293 3694 374 3748; x_wconf 85' lang='lat' dir='ltr'>Felix</span> <span class='ocrx_word' id='word_1_217' title='bbox 390 3695 522 3764; x_wconf 85' lang='lat' dir='ltr'>Aeacida,</span> <span class='ocrx_word' id='word_1_218' title='bbox 541 3696 586 3750; x_wconf 91' lang='lat' dir='ltr'>cui</span> <span class='ocrx_word' id='word_1_219' title='bbox 604 3698 653 3752; x_wconf 85' lang='lat' dir='ltr'>tali</span> <span class='ocrx_word' id='word_1_220' title='bbox 671 3693 791 3770; x_wconf 85' lang='lat' dir='ltr'>co&#39;ntigit</span> <span class='ocrx_word' id='word_1_221' title='bbox 810 3715 857 3752; x_wconf 92' lang='lat' dir='ltr'>ore</span> <span class='ocrx_word' id='word_1_222' title='bbox 1050 3763 1055 3772; x_wconf 67' lang='lat'><em>,</em></span> 
     </span>
     <span class='ocr_line' id='line_1_36' title="bbox 236 3780 1009 3853; baseline 0.005 -19"><span class='ocrx_word' id='word_1_223' title='bbox 236 3821 246 3834; x_wconf 65' lang='grc'>,</span> <span class='ocrx_word' id='word_1_224' title='bbox 293 3780 428 3836; x_wconf 88' lang='lat' dir='ltr'>Gentibus</span> <span class='ocrx_word' id='word_1_225' title='bbox 447 3785 567 3838; x_wconf 86' lang='lat' dir='ltr'>ostendi!</span> <span class='ocrx_word' id='word_1_226' title='bbox 591 3785 679 3840; x_wconf 88' lang='lat' dir='ltr'>crevit</span> <span class='ocrx_word' id='word_1_227' title='bbox 701 3789 750 3840; x_wconf 88' lang='lat' dir='ltr'>tua</span> <span class='ocrx_word' id='word_1_228' title='bbox 773 3785 893 3840; x_wconf 84' lang='lat' dir='ltr'>carmine</span> <span class='ocrx_word' id='word_1_229' title='bbox 911 3787 1009 3853; x_wconf 84' lang='lat' dir='ltr'>virtus,</span> 
     </span>
    </p>
   </div>
   <div class='ocr_carea' id='block_1_12' title="bbox 81 3921 1213 4298">
    <p class='ocr_par' dir='ltr' id='par_1_13' title="bbox 81 3921 1213 4298">
     <span class='ocr_line' id='line_1_37' title="bbox 84 3921 1213 4010; baseline 0.005 -24"><span class='ocrx_word' id='word_1_230' title='bbox 84 3929 166 3986; x_wconf 89' lang='lat' dir='ltr'>sunt</span> <span class='ocrx_word' id='word_1_231' title='bbox 188 3921 289 3985; x_wconf 86' lang='lat' dir='ltr'>verba</span> <span class='ocrx_word' id='word_1_232' title='bbox 311 3922 494 3988; x_wconf 83' lang='lat' dir='ltr'>Alexandri</span> <span class='ocrx_word' id='word_1_233' title='bbox 515 3925 649 4010; x_wconf 71' lang='lat' dir='ltr'>Magni,</span> <span class='ocrx_word' id='word_1_234' title='bbox 673 3946 757 4008; x_wconf 89' lang='lat' dir='ltr'>quae</span> <span class='ocrx_word' id='word_1_235' title='bbox 779 3947 853 3988; x_wconf 91' lang='lat' dir='ltr'>eum</span> <span class='ocrx_word' id='word_1_236' title='bbox 876 3923 918 3988; x_wconf 87' lang='lat' dir='ltr'>ad</span> <span class='ocrx_word' id='word_1_237' title='bbox 940 3925 1082 3992; x_wconf 90' lang='lat' dir='ltr'>Achillis</span> <span class='ocrx_word' id='word_1_238' title='bbox 1104 3936 1213 3992; x_wconf 83' lang='lat' dir='ltr'>tumu-</span> 
     </span>
     <span class='ocr_line' id='line_1_38' title="bbox 83 4022 1213 4116; baseline 0.007 -28"><span class='ocrx_word' id='word_1_239' title='bbox 83 4025 156 4088; x_wconf 89' lang='lat' dir='ltr'>lum</span> <span class='ocrx_word' id='word_1_240' title='bbox 180 4023 213 4086; x_wconf 92' lang='lat' dir='ltr'>in</span> <span class='ocrx_word' id='word_1_241' title='bbox 236 4022 336 4110; x_wconf 83' lang='lat' dir='ltr'>Sigeo</span> <span class='ocrx_word' id='word_1_242' title='bbox 360 4023 483 4092; x_wconf 85' lang='lat' dir='ltr'>dixisse</span> <span class='ocrx_word' id='word_1_243' title='bbox 505 4027 609 4091; x_wconf 87' lang='lat' dir='ltr'>tradit</span> <span class='ocrx_word' id='word_1_244' title='bbox 632 4026 748 4092; x_wconf 85' lang='lat' dir='ltr'>Cicero</span> <span class='ocrx_word' id='word_1_245' title='bbox 777 4051 838 4113; x_wconf 95' lang='lat' dir='ltr'>pro</span> <span class='ocrx_word' id='word_1_246' title='bbox 860 4027 988 4092; x_wconf 86' lang='lat' dir='ltr'>Archia</span> <span class='ocrx_word' id='word_1_247' title='bbox 1010 4047 1042 4114; x_wconf 90' lang='lat' dir='ltr'>p.</span> <span class='ocrx_word' id='word_1_248' title='bbox 1068 4033 1117 4116; x_wconf 76' lang='lat'>10,</span> <span class='ocrx_word' id='word_1_249' title='bbox 1140 4035 1213 4100; x_wconf 71' lang='lat'>24:</span> 
     </span>
     <span class='ocr_line' id='line_1_39' title="bbox 84 4125 1213 4221; baseline 0.005 -27"><span class='ocrx_word' id='word_1_250' title='bbox 84 4127 123 4194; x_wconf 87' lang='grc' dir='ltr'><strong>Ο</strong></span> <span class='ocrx_word' id='word_1_251' title='bbox 145 4127 322 4193; x_wconf 83' lang='lat' dir='ltr'>fortunate·</span> <span class='ocrx_word' id='word_1_252' title='bbox 343 4125 544 4214; x_wconf 74' lang='lat' dir='ltr'>adolescens,</span> <span class='ocrx_word' id='word_1_253' title='bbox 569 4130 628 4215; x_wconf 88' lang='lat' dir='ltr'>qui</span> <span class='ocrx_word' id='word_1_254' title='bbox 655 4138 732 4194; x_wconf 88' lang='lat' dir='ltr'>tuae</span> <span class='ocrx_word' id='word_1_255' title='bbox 758 4129 893 4197; x_wconf 82' lang='lat' dir='ltr'>virtutis</span> <span class='ocrx_word' id='word_1_256' title='bbox 915 4132 1097 4200; x_wconf 88' lang='lat' dir='ltr'>Homerum</span> <span class='ocrx_word' id='word_1_257' title='bbox 1120 4157 1213 4221; x_wconf 91' lang='lat' dir='ltr'>prae·</span> 
     </span>
     <span class='ocr_line' id='line_1_40' title="bbox 81 4229 976 4298; baseline -0.009 0"><span class='ocrx_word' id='word_1_258' title='bbox 81 4253 203 4298; x_wconf 83' lang='lat' dir='ltr'>eonem</span> <span class='ocrx_word' id='word_1_259' title='bbox 226 4229 403 4297; x_wconf 84' lang='lat' dir='ltr'>mvenerisl</span> <span class='ocrx_word' id='word_1_260' title='bbox 975 4245 976 4250; x_wconf 51' lang='lat'>¹</span> 
     </span>
    </p>
   </div>
   <div class='ocr_carea' id='block_1_13' title="bbox 0 0 1567 4880">
    <p class='ocr_par' dir='ltr' id='par_1_14' title="bbox 0 0 1567 4880">
     <span class='ocr_line' id='line_1_41' title="bbox 0 0 1567 4880; baseline 0 0"><span class='ocrx_word' id='word_1_261' title='bbox 0 0 1567 4880; x_wconf 95' lang='lat' dir='ltr'> </span> 
     </span>
    </p>
   </div>
  </div>
 </body>
</html>
