<?xml version="1.0" encoding="UTF-8"?>
<!DOCTYPE html PUBLIC "-//W3C//DTD XHTML 1.0 Transitional//EN"
    "http://www.w3.org/TR/xhtml1/DTD/xhtml1-transitional.dtd">
<html xmlns="http://www.w3.org/1999/xhtml" xml:lang="en" lang="en">
 <head>
  <title>
</title>
<meta http-equiv="Content-Type" content="text/html;charset=utf-8" />
  <meta name='ocr-system' content='tesseract 3.04.00' />
  <meta name='ocr-capabilities' content='ocr_page ocr_carea ocr_par ocr_line ocrx_word'/>
</head>
<body>
  <div class='ocr_page' id='page_1' title='image "./decsiliiitalici00wezegoog_0098.png"; bbox 0 0 3096 4880; ppageno 0'>
   <div class='ocr_carea' id='block_1_1' title="bbox 380 457 477 512">
    <p class='ocr_par' dir='ltr' id='par_1_1' title="bbox 380 457 477 512">
     <span class='ocr_line' id='line_1_1' title="bbox 380 457 477 512; baseline -0.031 0"><span class='ocrx_word' id='word_1_1' title='bbox 380 457 477 512; x_wconf 79' lang='lat' dir='ltr'>Stltus.</span> 
     </span>
    </p>
   </div>
   <div class='ocr_carea' id='block_1_2' title="bbox 84 545 688 2296">
    <p class='ocr_par' dir='ltr' id='par_1_2' title="bbox 161 545 521 630">
     <span class='ocr_line' id='line_1_2' title="bbox 161 545 521 630; baseline 0 -14"><span class='ocrx_word' id='word_1_2' title='bbox 161 545 253 630; x_wconf 67' lang='lat' dir='ltr'>suria</span> <span class='ocrx_word' id='word_1_3' title='bbox 272 561 314 616; x_wconf 82' lang='lat'>14.</span> <span class='ocrx_word' id='word_1_4' title='bbox 333 563 398 618; x_wconf 79' lang='lat'><strong>370:</strong></span> <span class='ocrx_word' id='word_1_5' title='bbox 423 563 521 616; x_wconf 73' lang='lat' dir='ltr'>ruebat</span> 
     </span>
    </p>

    <p class='ocr_par' dir='ltr' id='par_1_3' title="bbox 161 650 688 808">
     <span class='ocr_line' id='line_1_3' title="bbox 161 650 688 718; baseline 0.002 -14"><span class='ocrx_word' id='word_1_6' title='bbox 161 650 271 718; x_wconf 79' lang='lat' dir='ltr'>Classis,</span> <span class='ocrx_word' id='word_1_7' title='bbox 290 653 318 704; x_wconf 91' lang='lat' dir='ltr'>et</span> <span class='ocrx_word' id='word_1_8' title='bbox 337 650 446 705; x_wconf 78' lang='lat' dir='ltr'><strong>artabat</strong></span> <span class='ocrx_word' id='word_1_9' title='bbox 463 650 559 704; x_wconf 92' lang='lat' dir='ltr'>lunato</span> <span class='ocrx_word' id='word_1_10' title='bbox 578 650 688 706; x_wconf 89' lang='lat' dir='ltr'>caerula</span> 
     </span>
     <span class='ocr_line' id='line_1_4' title="bbox 195 755 273 808; baseline -0.013 -16"><span class='ocrx_word' id='word_1_11' title='bbox 195 755 273 808; x_wconf 89' lang='lat' dir='ltr'>gyro.</span> 
     </span>
    </p>

    <p class='ocr_par' dir='ltr' id='par_1_4' title="bbox 160 824 688 981">
     <span class='ocr_line' id='line_1_5' title="bbox 160 824 688 893; baseline -0.002 -13"><span class='ocrx_word' id='word_1_12' title='bbox 160 827 219 882; x_wconf 79' lang='lat'><strong>375.</strong></span> <span class='ocrx_word' id='word_1_13' title='bbox 247 824 301 879; x_wconf 80' lang='lat' dir='ltr'>vix</span> <span class='ocrx_word' id='word_1_14' title='bbox 328 826 479 879; x_wconf 83' lang='lat' dir='ltr'>meminere</span> <span class='ocrx_word' id='word_1_15' title='bbox 505 824 602 893; x_wconf 83' lang='lat' dir='ltr'>maris3</span> <span class='ocrx_word' id='word_1_16' title='bbox 630 828 688 880; x_wconf 89' lang='lat' dir='ltr'>tam</span> 
     </span>
     <span class='ocr_line' id='line_1_6' title="bbox 194 913 534 981; baseline -0.006 -14"><span class='ocrx_word' id='word_1_17' title='bbox 194 916 275 968; x_wconf 90' lang='lat' dir='ltr'>vasto</span> <span class='ocrx_word' id='word_1_18' title='bbox 294 913 329 966; x_wconf 90' lang='lat' dir='ltr'>ad</span> <span class='ocrx_word' id='word_1_19' title='bbox 347 913 454 981; x_wconf 88' lang='lat' dir='ltr'>proelia</span> <span class='ocrx_word' id='word_1_20' title='bbox 471 913 534 966; x_wconf 88' lang='lat' dir='ltr'>nisu</span> 
     </span>
    </p>

    <p class='ocr_par' dir='ltr' id='par_1_5' title="bbox 158 999 687 1158">
     <span class='ocr_line' id='line_1_7' title="bbox 158 999 687 1069; baseline -0.002 -15"><span class='ocrx_word' id='word_1_21' title='bbox 158 1001 327 1058; x_wconf 77' lang='lat' dir='ltr'>Incumbunt</span> <span class='ocrx_word' id='word_1_22' title='bbox 352 999 450 1069; x_wconf 86' lang='lat' dir='ltr'>proni,</span> <span class='ocrx_word' id='word_1_23' title='bbox 475 999 631 1068; x_wconf 88' lang='lat' dir='ltr'>positisque</span> <span class='ocrx_word' id='word_1_24' title='bbox 657 1001 687 1054; x_wconf 92' lang='lat' dir='ltr'>in</span> 
     </span>
     <span class='ocr_line' id='line_1_8' title="bbox 193 1087 439 1158; baseline -0.008 -16"><span class='ocrx_word' id='word_1_25' title='bbox 193 1088 319 1158; x_wconf 79' lang='lat' dir='ltr'>margine</span> <span class='ocrx_word' id='word_1_26' title='bbox 336 1087 439 1157; x_wconf 85' lang='lat' dir='ltr'><strong>puppis</strong></span> 
     </span>
    </p>

    <p class='ocr_par' dir='ltr' id='par_1_6' title="bbox 155 1175 688 1331">
     <span class='ocr_line' id='line_1_9' title="bbox 155 1175 688 1246; baseline 0 -18"><span class='ocrx_word' id='word_1_27' title='bbox 155 1175 306 1229; x_wconf 80' lang='lat' dir='ltr'>Extremae</span> <span class='ocrx_word' id='word_1_28' title='bbox 317 1175 421 1246; x_wconf 89' lang='lat' dir='ltr'>plantis</span> <span class='ocrx_word' id='word_1_29' title='bbox 432 1178 562 1230; x_wconf 84' lang='lat' dir='ltr'>nutantes</span> <span class='ocrx_word' id='word_1_30' title='bbox 580 1175 688 1244; x_wconf 91' lang='lat' dir='ltr'>spicula</span> 
     </span>
     <span class='ocr_line' id='line_1_10' title="bbox 190 1267 330 1331; baseline 0 -15"><span class='ocrx_word' id='word_1_31' title='bbox 190 1267 330 1331; x_wconf 88' lang='lat' dir='ltr'>torquent.</span> 
     </span>
    </p>

    <p class='ocr_par' dir='ltr' id='par_1_7' title="bbox 157 1349 686 1507">
     <span class='ocr_line' id='line_1_11' title="bbox 157 1349 686 1420; baseline 0.004 -16"><span class='ocrx_word' id='word_1_32' title='bbox 157 1349 297 1405; x_wconf 86' lang='lat' dir='ltr'>Sternitur</span> <span class='ocrx_word' id='word_1_33' title='bbox 306 1349 399 1405; x_wconf 86' lang='lat' dir='ltr'>effusis</span> <span class='ocrx_word' id='word_1_34' title='bbox 411 1350 504 1420; x_wconf 81' lang='lat' dir='ltr'>pelagi</span> <span class='ocrx_word' id='word_1_35' title='bbox 517 1351 609 1406; x_wconf 86' lang='lat' dir='ltr'>media</span> <span class='ocrx_word' id='word_1_36' title='bbox 621 1368 686 1406; x_wconf 88' lang='lat' dir='ltr'>area</span> 
     </span>
     <span class='ocr_line' id='line_1_12' title="bbox 192 1438 266 1507; baseline -0.014 -16"><span class='ocrx_word' id='word_1_37' title='bbox 192 1438 266 1507; x_wconf 89' lang='lat' dir='ltr'>telis,</span> 
     </span>
    </p>

    <p class='ocr_par' dir='ltr' id='par_1_8' title="bbox 157 1525 685 1668">
     <span class='ocr_line' id='line_1_13' title="bbox 157 1525 685 1594; baseline -0.004 -14"><span class='ocrx_word' id='word_1_38' title='bbox 157 1526 289 1594; x_wconf 80' lang='lat' dir='ltr'>Gelsaque</span> <span class='ocrx_word' id='word_1_39' title='bbox 306 1525 442 1580; x_wconf 82' lang='lat' dir='ltr'>anhelatis</span> <span class='ocrx_word' id='word_1_40' title='bbox 455 1541 606 1594; x_wconf 80' lang='lat' dir='ltr'>exsurgens</span> <span class='ocrx_word' id='word_1_41' title='bbox 624 1525 685 1579; x_wconf 92' lang='lat' dir='ltr'>icti·</span> 
     </span>
     <span class='ocr_line' id='line_1_14' title="bbox 191 1614 340 1668; baseline 0.007 -2"><span class='ocrx_word' id='word_1_42' title='bbox 191 1615 243 1667; x_wconf 93' lang='lat' dir='ltr'>bus</span> <span class='ocrx_word' id='word_1_43' title='bbox 261 1614 340 1668; x_wconf 89' lang='lat' dir='ltr'>alnus</span> 
     </span>
    </p>

    <p class='ocr_par' dir='ltr' id='par_1_9' title="bbox 156 1699 685 1844">
     <span class='ocr_line' id='line_1_15' title="bbox 156 1699 685 1770; baseline -0.011 -12"><span class='ocrx_word' id='word_1_44' title='bbox 156 1703 271 1770; x_wconf 84' lang='lat' dir='ltr'>Caerula</span> <span class='ocrx_word' id='word_1_45' title='bbox 288 1701 411 1770; x_wconf 75' lang='lat' dir='ltr'>nigranti</span> <span class='ocrx_word' id='word_1_46' title='bbox 428 1699 509 1754; x_wconf 89' lang='lat' dir='ltr'>findit</span> <span class='ocrx_word' id='word_1_47' title='bbox 526 1699 685 1770; x_wconf 84' lang='lat' dir='ltr'>spumantia</span> 
     </span>
     <span class='ocr_line' id='line_1_16' title="bbox 191 1791 276 1844; baseline 0 -1"><span class='ocrx_word' id='word_1_48' title='bbox 191 1791 276 1844; x_wconf 93' lang='lat' dir='ltr'>sulco.</span> 
     </span>
    </p>

    <p class='ocr_par' dir='ltr' id='par_1_10' title="bbox 84 1867 685 2020">
     <span class='ocr_line' id='line_1_17' title="bbox 84 1867 685 1958; baseline -0.012 -24"><span class='ocrx_word' id='word_1_49' title='bbox 84 1881 107 1958; x_wconf 72' lang='lat' dir='ltr'>t}</span> <span class='ocrx_word' id='word_1_50' title='bbox 155 1867 215 1958; x_wconf 58' lang='lat' dir='ltr'>38d.</span> <span class='ocrx_word' id='word_1_51' title='bbox 233 1879 286 1932; x_wconf 87' lang='lat' dir='ltr'>Ast</span> <span class='ocrx_word' id='word_1_52' title='bbox 296 1875 366 1931; x_wconf 87' lang='lat' dir='ltr'>aliae</span> <span class='ocrx_word' id='word_1_53' title='bbox 377 1876 463 1929; x_wconf 87' lang='lat' dir='ltr'>latere</span> <span class='ocrx_word' id='word_1_54' title='bbox 481 1876 564 1943; x_wconf 88' lang='lat' dir='ltr'>atque</span> <span class='ocrx_word' id='word_1_55' title='bbox 581 1873 685 1930; x_wconf 88' lang='lat' dir='ltr'>incussi</span> 
     </span>
     <span class='ocr_line' id='line_1_18' title="bbox 189 1963 375 2020; baseline -0.022 -1"><span class='ocrx_word' id='word_1_56' title='bbox 189 1965 298 2020; x_wconf 88' lang='lat' dir='ltr'>roboris</span> <span class='ocrx_word' id='word_1_57' title='bbox 316 1963 375 2018; x_wconf 87' lang='lat' dir='ltr'>ictu</span> 
     </span>
    </p>

    <p class='ocr_par' dir='ltr' id='par_1_11' title="bbox 154 2051 683 2124">
     <span class='ocr_line' id='line_1_19' title="bbox 154 2051 683 2124; baseline -0.006 -17"><span class='ocrx_word' id='word_1_58' title='bbox 154 2055 308 2124; x_wconf 88' lang='lat' dir='ltr'>Detergent</span> <span class='ocrx_word' id='word_1_59' title='bbox 328 2067 434 2106; x_wconf 90' lang='lat' dir='ltr'>remos:</span> <span class='ocrx_word' id='word_1_60' title='bbox 462 2051 532 2105; x_wconf 89' lang='lat' dir='ltr'>aliae</span> <span class='ocrx_word' id='word_1_61' title='bbox 555 2068 607 2119; x_wconf 92' lang='lat' dir='ltr'>per</span> <span class='ocrx_word' id='word_1_62' title='bbox 628 2051 683 2104; x_wconf 86' lang='lat' dir='ltr'>vis·</span> 
     </span>
    </p>

    <p class='ocr_par' dir='ltr' id='par_1_12' title="bbox 154 2141 317 2212">
     <span class='ocr_line' id='line_1_20' title="bbox 154 2141 317 2212; baseline -0.018 -16"><span class='ocrx_word' id='word_1_63' title='bbox 154 2159 218 2196; x_wconf 91' lang='lat' dir='ltr'>cera</span> <span class='ocrx_word' id='word_1_64' title='bbox 234 2141 317 2212; x_wconf 89' lang='lat' dir='ltr'>pinus</span> 
     </span>
    </p>

    <p class='ocr_par' dir='ltr' id='par_1_13' title="bbox 153 2228 682 2296">
     <span class='ocr_line' id='line_1_21' title="bbox 153 2228 682 2296; baseline -0.002 -14"><span class='ocrx_word' id='word_1_65' title='bbox 153 2228 299 2282; x_wconf 85' lang='lat' dir='ltr'>Tramissis</span> <span class='ocrx_word' id='word_1_66' title='bbox 316 2228 378 2296; x_wconf 86' lang='lat' dir='ltr'>ipso</span> <span class='ocrx_word' id='word_1_67' title='bbox 397 2228 552 2283; x_wconf 87' lang='lat' dir='ltr'>retinentur</span> <span class='ocrx_word' id='word_1_68' title='bbox 570 2228 682 2282; x_wconf 89' lang='lat' dir='ltr'>volnere</span> 
     </span>
    </p>
   </div>
   <div class='ocr_carea' id='block_1_3' title="bbox 154 2316 682 2459">
    <p class='ocr_par' dir='ltr' id='par_1_14' title="bbox 154 2316 682 2459">
     <span class='ocr_line' id='line_1_22' title="bbox 187 2316 295 2372; baseline 0.009 -2"><span class='ocrx_word' id='word_1_69' title='bbox 187 2316 295 2372; x_wconf 88' lang='lat' dir='ltr'>rostris.</span> 
     </span>
     <span class='ocr_line' id='line_1_23' title="bbox 154 2403 682 2459; baseline -0.006 0"><span class='ocrx_word' id='word_1_70' title='bbox 154 2405 214 2459; x_wconf 82' lang='lat'><strong>384.</strong></span> <span class='ocrx_word' id='word_1_71' title='bbox 232 2404 341 2458; x_wconf 87' lang='lat' dir='ltr'>Medias</span> <span class='ocrx_word' id='word_1_72' title='bbox 360 2405 434 2458; x_wconf 92' lang='lat' dir='ltr'>inter</span> <span class='ocrx_word' id='word_1_73' title='bbox 457 2403 604 2458; x_wconf 88' lang='lat' dir='ltr'>sublimior</span> <span class='ocrx_word' id='word_1_74' title='bbox 621 2404 682 2459; x_wconf 83' lang='lat' dir='ltr'>ibat</span> 
     </span>
    </p>
   </div>
   <div class='ocr_carea' id='block_1_4' title="bbox 149 2580 681 3174">
    <p class='ocr_par' dir='ltr' id='par_1_15' title="bbox 150 2580 681 2737">
     <span class='ocr_line' id='line_1_24' title="bbox 150 2580 681 2651; baseline 0 -17"><span class='ocrx_word' id='word_1_75' title='bbox 150 2581 296 2635; x_wconf 87' lang='lat' dir='ltr'>Terribilis</span> <span class='ocrx_word' id='word_1_76' title='bbox 314 2580 377 2634; x_wconf 90' lang='lat' dir='ltr'>visu</span> <span class='ocrx_word' id='word_1_77' title='bbox 394 2581 509 2651; x_wconf 86' lang='lat' dir='ltr'>puppis,</span> <span class='ocrx_word' id='word_1_78' title='bbox 532 2599 587 2650; x_wconf 91' lang='lat' dir='ltr'>qua</span> <span class='ocrx_word' id='word_1_79' title='bbox 605 2581 681 2634; x_wconf 88' lang='lat' dir='ltr'>nulla</span> 
     </span>
     <span class='ocr_line' id='line_1_25' title="bbox 185 2672 336 2737; baseline -0.013 -15"><span class='ocrx_word' id='word_1_80' title='bbox 185 2686 236 2737; x_wconf 89' lang='lat' dir='ltr'>per</span> <span class='ocrx_word' id='word_1_81' title='bbox 254 2672 336 2722; x_wconf 84' lang='lat' dir='ltr'>om&#39;ne</span> 
     </span>
    </p>

    <p class='ocr_par' dir='ltr' id='par_1_16' title="bbox 150 2753 679 2898">
     <span class='ocr_line' id='line_1_26' title="bbox 150 2753 679 2827; baseline 0.004 -18"><span class='ocrx_word' id='word_1_82' title='bbox 150 2757 272 2827; x_wconf 86' lang='lat' dir='ltr'>Egressa</span> <span class='ocrx_word' id='word_1_83' title='bbox 290 2759 334 2810; x_wconf 89' lang='lat' dir='ltr'>e&#39;st</span> <span class='ocrx_word' id='word_1_84' title='bbox 350 2753 461 2822; x_wconf 87' lang='lat' dir='ltr'>Libycis</span> <span class='ocrx_word' id='word_1_85' title='bbox 485 2756 575 2824; x_wconf 90' lang='lat' dir='ltr'>major</span> <span class='ocrx_word' id='word_1_86' title='bbox 598 2773 679 2811; x_wconf 89' lang='lat' dir='ltr'>nava·</span> 
     </span>
     <span class='ocr_line' id='line_1_27' title="bbox 185 2844 394 2898; baseline -0.019 0"><span class='ocrx_word' id='word_1_87' title='bbox 185 2844 260 2898; x_wconf 88' lang='lat' dir='ltr'>libus</span> <span class='ocrx_word' id='word_1_88' title='bbox 279 2851 394 2896; x_wconf 66' lang='lat' dir='ltr'>aevum.v</span> 
     </span>
    </p>

    <p class='ocr_par' dir='ltr' id='par_1_17' title="bbox 149 2930 678 3089">
     <span class='ocr_line' id='line_1_28' title="bbox 149 2930 678 3000; baseline -0.006 -14"><span class='ocrx_word' id='word_1_89' title='bbox 149 2933 214 2989; x_wconf 81' lang='lat'>487:</span> <span class='ocrx_word' id='word_1_90' title='bbox 232 2933 293 3000; x_wconf 90' lang='lat' dir='ltr'>ipse</span> <span class='ocrx_word' id='word_1_91' title='bbox 307 2971 312 2982; x_wconf 93' lang='lat'>.</span> <span class='ocrx_word' id='word_1_92' title='bbox 326 2971 332 2982; x_wconf 92' lang='lat'><em>.</em></span> <span class='ocrx_word' id='word_1_93' title='bbox 347 2971 352 2982; x_wconf 96' lang='lat'><em>.</em></span> <span class='ocrx_word' id='word_1_94' title='bbox 366 2930 483 2983; x_wconf 92' lang='lat' dir='ltr'>ductor.</span> <span class='ocrx_word' id='word_1_95' title='bbox 497 2971 502 2982; x_wconf 94' lang='lat'><em>.</em></span> <span class='ocrx_word' id='word_1_96' title='bbox 518 2930 593 2984; x_wconf 90' lang='lat' dir='ltr'>.ibat</span> <span class='ocrx_word' id='word_1_97' title='bbox 605 2930 678 2984; x_wconf 86' lang='lat' dir='ltr'>senis</span> 
     </span>
     <span class='ocr_line' id='line_1_29' title="bbox 184 3018 319 3089; baseline 0.007 -18"><span class='ocrx_word' id='word_1_98' title='bbox 184 3018 319 3089; x_wconf 78' lang='lat' dir='ltr'>pulsibus</span> 
     </span>
    </p>

    <p class='ocr_par' dir='ltr' id='par_1_18' title="bbox 149 3105 631 3174">
     <span class='ocr_line' id='line_1_30' title="bbox 149 3105 631 3174; baseline -0.004 -14"><span class='ocrx_word' id='word_1_99' title='bbox 149 3107 209 3160; x_wconf 83' lang='grc'><strong>393.</strong></span> <span class='ocrx_word' id='word_1_100' title='bbox 228 3122 312 3160; x_wconf 86' lang='lat' dir='ltr'>naves</span> <span class='ocrx_word' id='word_1_101' title='bbox 331 3105 490 3174; x_wconf 85' lang='lat' dir='ltr'>docilesque</span> <span class='ocrx_word' id='word_1_102' title='bbox 508 3106 631 3173; x_wconf 87' lang='lat' dir='ltr'>regentis</span> 
     </span>
    </p>
   </div>
   <div class='ocr_carea' id='block_1_5' title="bbox 148 3281 486 3336">
    <p class='ocr_par' dir='ltr' id='par_1_19' title="bbox 148 3281 486 3336">
     <span class='ocr_line' id='line_1_31' title="bbox 148 3281 486 3336; baseline -0.003 -2"><span class='ocrx_word' id='word_1_103' title='bbox 148 3281 297 3336; x_wconf 88' lang='lat' dir='ltr'>Audivisse</span> <span class='ocrx_word' id='word_1_104' title='bbox 315 3299 427 3336; x_wconf 89' lang='lat' dir='ltr'>manum</span> <span class='ocrx_word' id='word_1_105' title='bbox 440 3321 445 3334; x_wconf 92' lang='lat'>.</span> <span class='ocrx_word' id='word_1_106' title='bbox 459 3321 465 3334; x_wconf 88' lang='lat'><strong>.</strong></span> <span class='ocrx_word' id='word_1_107' title='bbox 480 3321 486 3333; x_wconf 91' lang='lat'><strong>.</strong></span> 
     </span>
    </p>
   </div>
   <div class='ocr_carea' id='block_1_6' title="bbox 146 3455 560 3600">
    <p class='ocr_par' dir='ltr' id='par_1_20' title="bbox 146 3455 560 3600">
     <span class='ocr_line' id='line_1_32' title="bbox 146 3455 487 3527; baseline -0.003 -15"><span class='ocrx_word' id='word_1_108' title='bbox 146 3456 213 3512; x_wconf 82' lang='lat'><strong>443:</strong></span> <span class='ocrx_word' id='word_1_109' title='bbox 231 3456 269 3510; x_wconf 85' lang='lat' dir='ltr'>Et</span> <span class='ocrx_word' id='word_1_110' title='bbox 285 3455 487 3527; x_wconf 85' lang='lat' dir='ltr'>Neptunicolae</span> 
     </span>
     <span class='ocr_line' id='line_1_33' title="bbox 147 3543 560 3600; baseline -0.005 -1"><span class='ocrx_word' id='word_1_111' title='bbox 147 3544 357 3600; x_wconf 87' lang='lat' dir='ltr'>transverberat</span> <span class='ocrx_word' id='word_1_112' title='bbox 373 3561 423 3598; x_wconf 91' lang='lat' dir='ltr'>ora</span> <span class='ocrx_word' id='word_1_113' title='bbox 440 3543 560 3598; x_wconf 87' lang='lat' dir='ltr'>Telonis.</span> 
     </span>
    </p>
   </div>
   <div class='ocr_carea' id='block_1_7' title="bbox 144 3719 675 4212">
    <p class='ocr_par' dir='ltr' id='par_1_21' title="bbox 145 3719 674 3877">
     <span class='ocr_line' id='line_1_34' title="bbox 145 3719 674 3787; baseline -0.004 -13"><span class='ocrx_word' id='word_1_114' title='bbox 145 3721 206 3774; x_wconf 88' lang='grc'><strong>401.</strong></span> <span class='ocrx_word' id='word_1_115' title='bbox 242 3736 275 3772; x_wconf 88' lang='lat' dir='ltr'>ac</span> <span class='ocrx_word' id='word_1_116' title='bbox 308 3719 456 3773; x_wconf 88' lang='lat' dir='ltr'>residentis</span> <span class='ocrx_word' id='word_1_117' title='bbox 489 3735 583 3787; x_wconf 89' lang='lat' dir='ltr'>puppe</span> <span class='ocrx_word' id='word_1_118' title='bbox 617 3737 674 3772; x_wconf 90' lang='lat' dir='ltr'>ma-</span> 
     </span>
     <span class='ocr_line' id='line_1_35' title="bbox 181 3808 263 3877; baseline -0.012 -17"><span class='ocrx_word' id='word_1_119' title='bbox 181 3808 263 3877; x_wconf 84' lang='lat' dir='ltr'>gistri</span> 
     </span>
    </p>

    <p class='ocr_par' dir='ltr' id='par_1_22' title="bbox 144 3893 675 4053">
     <span class='ocr_line' id='line_1_36' title="bbox 144 3893 675 3962; baseline -0.004 -14"><span class='ocrx_word' id='word_1_120' title='bbox 144 3894 243 3948; x_wconf 80' lang='lat' dir='ltr'>Affixit</span> <span class='ocrx_word' id='word_1_121' title='bbox 250 3894 358 3962; x_wconf 88' lang='lat' dir='ltr'>plectro</span> <span class='ocrx_word' id='word_1_122' title='bbox 368 3894 505 3948; x_wconf 86' lang='lat' dir='ltr'>dextram:</span> <span class='ocrx_word' id='word_1_123' title='bbox 516 3910 566 3946; x_wconf 92' lang='lat' dir='ltr'>nec</span> <span class='ocrx_word' id='word_1_124' title='bbox 576 3893 675 3946; x_wconf 89' lang='lat' dir='ltr'>deinde</span> 
     </span>
     <span class='ocr_line' id='line_1_37' title="bbox 179 3982 300 4053; baseline 0.008 -18"><span class='ocrx_word' id='word_1_125' title='bbox 179 3982 300 4053; x_wconf 87' lang='lat' dir='ltr'>regenda</span> 
     </span>
    </p>

    <p class='ocr_par' dir='ltr' id='par_1_23' title="bbox 145 4067 673 4212">
     <span class='ocr_line' id='line_1_38' title="bbox 145 4067 673 4140; baseline -0.004 -18"><span class='ocrx_word' id='word_1_126' title='bbox 145 4069 241 4140; x_wconf 86' lang='lat' dir='ltr'>Puppe</span> <span class='ocrx_word' id='word_1_127' title='bbox 258 4085 356 4124; x_wconf 90' lang='lat' dir='ltr'>manus</span> <span class='ocrx_word' id='word_1_128' title='bbox 375 4068 471 4137; x_wconf 88' lang='lat' dir='ltr'>valuit,</span> <span class='ocrx_word' id='word_1_129' title='bbox 489 4067 611 4123; x_wconf 89' lang='lat' dir='ltr'>flectenti</span> <span class='ocrx_word' id='word_1_130' title='bbox 625 4069 673 4120; x_wconf 92' lang='lat' dir='ltr'>im·</span> 
     </span>
     <span class='ocr_line' id='line_1_39' title="bbox 178 4158 389 4212; baseline 0.014 -4"><span class='ocrx_word' id='word_1_131' title='bbox 178 4160 287 4212; x_wconf 91' lang='lat' dir='ltr'>mortua</span> <span class='ocrx_word' id='word_1_132' title='bbox 304 4158 389 4211; x_wconf 86' lang='lat' dir='ltr'>clavo.</span> 
     </span>
    </p>
   </div>
   <div class='ocr_carea' id='block_1_8' title="bbox 944 455 1085 512">
    <p class='ocr_par' dir='ltr' id='par_1_24' title="bbox 944 455 1085 512">
     <span class='ocr_line' id='line_1_40' title="bbox 944 455 1085 512; baseline -0.014 -1"><span class='ocrx_word' id='word_1_133' title='bbox 944 455 1085 512; x_wconf 64' lang='lat' dir='ltr'>hunnus.</span> 
     </span>
    </p>
   </div>
   <div class='ocr_carea' id='block_1_9' title="bbox 745 559 1328 1506">
    <p class='ocr_par' dir='ltr' id='par_1_25' title="bbox 748 559 1274 632">
     <span class='ocr_line' id='line_1_41' title="bbox 748 559 1274 632; baseline 0.006 -19"><span class='ocrx_word' id='word_1_134' title='bbox 748 559 884 629; x_wconf 87' lang='lat' dir='ltr'>Lucanus,</span> <span class='ocrx_word' id='word_1_135' title='bbox 896 561 921 615; x_wconf 89' lang='lat'>3.</span> <span class='ocrx_word' id='word_1_136' title='bbox 935 562 999 618; x_wconf 78' lang='lat'><strong>532:</strong></span> <span class='ocrx_word' id='word_1_137' title='bbox 1009 562 1071 616; x_wconf 87' lang='lat' dir='ltr'>Hoc</span> <span class='ocrx_word' id='word_1_138' title='bbox 1079 563 1166 617; x_wconf 88' lang='lat' dir='ltr'>robur</span> <span class='ocrx_word' id='word_1_139' title='bbox 1178 566 1274 632; x_wconf 89' lang='lat' dir='ltr'>aperto</span> 
     </span>
    </p>

    <p class='ocr_par' dir='ltr' id='par_1_26' title="bbox 749 648 1275 790">
     <span class='ocr_line' id='line_1_42' title="bbox 749 648 1275 729; baseline 0.006 -28"><span class='ocrx_word' id='word_1_140' title='bbox 749 648 915 718; x_wconf 84' lang='lat' dir='ltr'>Oppositum</span> <span class='ocrx_word' id='word_1_141' title='bbox 926 649 1034 729; x_wconf 84' lang='lat' dir='ltr'>pelago.</span> <span class='ocrx_word' id='word_1_142' title='bbox 1063 650 1172 704; x_wconf 84' lang='lat' dir='ltr'>Lunata</span> <span class='ocrx_word' id='word_1_143' title='bbox 1184 648 1275 704; x_wconf 85' lang='lat' dir='ltr'>fronte</span> 
     </span>
     <span class='ocr_line' id='line_1_43' title="bbox 781 736 924 790; baseline 0 -1"><span class='ocrx_word' id='word_1_144' title='bbox 781 736 924 790; x_wconf 88' lang='lat' dir='ltr'>recedunt.</span> 
     </span>
    </p>

    <p class='ocr_par' dir='ltr' id='par_1_27' title="bbox 746 821 1274 981">
     <span class='ocr_line' id='line_1_44' title="bbox 746 821 1274 894; baseline 0.004 -16"><span class='ocrx_word' id='word_1_145' title='bbox 746 825 806 879; x_wconf 78' lang='lat'>570.</span> <span class='ocrx_word' id='word_1_146' title='bbox 826 821 887 878; x_wconf 82' lang='lat' dir='ltr'>Stat</span> <span class='ocrx_word' id='word_1_147' title='bbox 905 826 1020 894; x_wconf 91' lang='lat' dir='ltr'>quisque</span> <span class='ocrx_word' id='word_1_148' title='bbox 1039 842 1103 882; x_wconf 89' lang='lat' dir='ltr'>suae</span> <span class='ocrx_word' id='word_1_149' title='bbox 1122 825 1156 878; x_wconf 90' lang='lat' dir='ltr'>de</span> <span class='ocrx_word' id='word_1_150' title='bbox 1172 826 1274 880; x_wconf 89' lang='lat' dir='ltr'>robore</span> 
     </span>
     <span class='ocr_line' id='line_1_45' title="bbox 780 911 883 981; baseline 0.019 -2"><span class='ocrx_word' id='word_1_151' title='bbox 780 911 883 981; x_wconf 71' lang='lat' dir='ltr'>rueris</span> 
     </span>
    </p>

    <p class='ocr_par' dir='ltr' id='par_1_28' title="bbox 746 997 1287 1157">
     <span class='ocr_line' id='line_1_46' title="bbox 746 997 1287 1054; baseline 0.002 -4"><span class='ocrx_word' id='word_1_152' title='bbox 746 997 853 1052; x_wconf 88' lang='lat' dir='ltr'>Pronus</span> <span class='ocrx_word' id='word_1_153' title='bbox 876 999 905 1052; x_wconf 95' lang='lat' dir='ltr'>in</span> <span class='ocrx_word' id='word_1_154' title='bbox 927 998 1058 1054; x_wconf 89' lang='lat' dir='ltr'>adversos</span> <span class='ocrx_word' id='word_1_155' title='bbox 1081 1001 1164 1054; x_wconf 89' lang='lat' dir='ltr'>ictus:</span> <span class='ocrx_word' id='word_1_156' title='bbox 1192 999 1287 1052; x_wconf 93' lang='lat' dir='ltr'>nulli-.</span> 
     </span>
     <span class='ocr_line' id='line_1_47' title="bbox 781 1086 990 1157; baseline 0.005 -19"><span class='ocrx_word' id='word_1_157' title='bbox 781 1101 835 1154; x_wconf 91' lang='lat' dir='ltr'>que</span> <span class='ocrx_word' id='word_1_158' title='bbox 851 1086 990 1157; x_wconf 87' lang='lat' dir='ltr'>perempti</span> 
     </span>
    </p>

    <p class='ocr_par' dir='ltr' id='par_1_29' title="bbox 745 1173 1273 1317">
     <span class='ocr_line' id='line_1_48' title="bbox 745 1173 1273 1231; baseline 0.011 -6"><span class='ocrx_word' id='word_1_159' title='bbox 745 1173 778 1226; x_wconf 92' lang='lat' dir='ltr'>ln</span> <span class='ocrx_word' id='word_1_160' title='bbox 799 1174 905 1228; x_wconf 90' lang='lat' dir='ltr'>ratibus</span> <span class='ocrx_word' id='word_1_161' title='bbox 933 1174 1057 1230; x_wconf 86' lang='lat' dir='ltr'>cecidere</span> <span class='ocrx_word' id='word_1_162' title='bbox 1081 1175 1145 1229; x_wconf 88' lang='lat' dir='ltr'>suis.</span> <span class='ocrx_word' id='word_1_163' title='bbox 1186 1175 1273 1231; x_wconf 85' lang='lat' dir='ltr'>Cruor</span> 
     </span>
     <span class='ocr_line' id='line_1_49' title="bbox 781 1261 998 1317; baseline 0.009 -3"><span class='ocrx_word' id='word_1_164' title='bbox 781 1261 852 1315; x_wconf 85' lang='lat' dir='ltr'>altus</span> <span class='ocrx_word' id='word_1_165' title='bbox 870 1263 900 1315; x_wconf 91' lang='lat' dir='ltr'>in</span> <span class='ocrx_word' id='word_1_166' title='bbox 917 1262 998 1317; x_wconf 90' lang='lat' dir='ltr'>undis</span> 
     </span>
    </p>

    <p class='ocr_par' dir='ltr' id='par_1_30' title="bbox 745 1347 1328 1506">
     <span class='ocr_line' id='line_1_50' title="bbox 745 1347 1272 1418; baseline 0.004 -16"><span class='ocrx_word' id='word_1_167' title='bbox 745 1347 868 1418; x_wconf 87' lang='lat' dir='ltr'>Spumat,</span> <span class='ocrx_word' id='word_1_168' title='bbox 897 1353 925 1404; x_wconf 90' lang='lat' dir='ltr'>et</span> <span class='ocrx_word' id='word_1_169' title='bbox 952 1350 1065 1405; x_wconf 89' lang='lat' dir='ltr'>obducti</span> <span class='ocrx_word' id='word_1_170' title='bbox 1091 1356 1272 1406; x_wconf 88' lang='lat' dir='ltr'>concrescunt</span> 
     </span>
     <span class='ocr_line' id='line_1_51' title="bbox 779 1436 1328 1506; baseline 0.004 -16"><span class='ocrx_word' id='word_1_171' title='bbox 779 1438 912 1506; x_wconf 89' lang='lat' dir='ltr'>sanguine</span> <span class='ocrx_word' id='word_1_172' title='bbox 930 1436 1041 1506; x_wconf 82' lang='lat' dir='ltr'>fluctus3</span> <span class='ocrx_word' id='word_1_173' title='bbox 1326 1439 1328 1444; x_wconf 83' lang='lat'>&#39;</span> 
     </span>
    </p>
   </div>
   <div class='ocr_carea' id='block_1_10' title="bbox 743 1527 1271 1691">
    <p class='ocr_par' dir='ltr' id='par_1_31' title="bbox 743 1527 1271 1691">
     <span class='ocr_line' id='line_1_52' title="bbox 743 1527 1271 1595; baseline 0.006 -17"><span class='ocrx_word' id='word_1_174' title='bbox 743 1528 859 1592; x_wconf 81' lang='lat' dir='ltr'>atquae</span> <span class='ocrx_word' id='word_1_175' title='bbox 878 1529 1031 1593; x_wconf 90' lang='lat' dir='ltr'>sequuntur</span> <span class='ocrx_word' id='word_1_176' title='bbox 1053 1542 1140 1595; x_wconf 91' lang='lat' dir='ltr'>usque</span> <span class='ocrx_word' id='word_1_177' title='bbox 1158 1527 1194 1581; x_wconf 89' lang='lat' dir='ltr'>ad</span> <span class='ocrx_word' id='word_1_178' title='bbox 1211 1544 1271 1584; x_wconf 90' lang='lat' dir='ltr'>vcr-</span> 
     </span>
     <span class='ocr_line' id='line_1_53' title="bbox 778 1614 917 1691; baseline -0.007 -26"><span class='ocrx_word' id='word_1_179' title='bbox 778 1629 840 1691; x_wconf 85' lang='lat' dir='ltr'>sum</span> <span class='ocrx_word' id='word_1_180' title='bbox 857 1614 917 1667; x_wconf 80' lang='lat'>582.</span> 
     </span>
    </p>
   </div>
   <div class='ocr_carea' id='block_1_11' title="bbox 740 1876 1271 2213">
    <p class='ocr_par' dir='ltr' id='par_1_32' title="bbox 741 1876 1267 2032">
     <span class='ocr_line' id='line_1_54' title="bbox 741 1876 1267 1946; baseline 0 -14"><span class='ocrx_word' id='word_1_181' title='bbox 741 1876 801 1932; x_wconf 83' lang='lat'><strong>563.</strong></span> <span class='ocrx_word' id='word_1_182' title='bbox 819 1876 896 1931; x_wconf 89' lang='lat' dir='ltr'>Tunc</span> <span class='ocrx_word' id='word_1_183' title='bbox 919 1893 1099 1946; x_wconf 89' lang='lat' dir='ltr'>quaecunque</span> <span class='ocrx_word' id='word_1_184' title='bbox 1121 1878 1190 1932; x_wconf 88' lang='lat' dir='ltr'>ratis</span> <span class='ocrx_word' id='word_1_185' title='bbox 1208 1883 1267 1933; x_wconf 91' lang='lat' dir='ltr'>ten·</span> 
     </span>
     <span class='ocr_line' id='line_1_55' title="bbox 775 1965 1072 2032; baseline 0 -14"><span class='ocrx_word' id='word_1_186' title='bbox 775 1965 847 2019; x_wconf 89' lang='lat' dir='ltr'>tavit</span> <span class='ocrx_word' id='word_1_187' title='bbox 863 1966 966 2020; x_wconf 89' lang='lat' dir='ltr'>robora</span> <span class='ocrx_word' id='word_1_188' title='bbox 983 1965 1072 2032; x_wconf 87' lang='lat' dir='ltr'>Bruti,</span> 
     </span>
    </p>

    <p class='ocr_par' dir='ltr' id='par_1_33' title="bbox 740 2051 1271 2213">
     <span class='ocr_line' id='line_1_56' title="bbox 740 2051 1271 2122; baseline 0.008 -17"><span class='ocrx_word' id='word_1_189' title='bbox 740 2051 801 2106; x_wconf 90' lang='lat' dir='ltr'>Ictu</span> <span class='ocrx_word' id='word_1_190' title='bbox 827 2053 902 2108; x_wconf 89' lang='lat' dir='ltr'>victa</span> <span class='ocrx_word' id='word_1_191' title='bbox 934 2071 984 2108; x_wconf 93' lang='lat' dir='ltr'>suo</span> <span class='ocrx_word' id='word_1_192' title='bbox 1015 2070 1162 2122; x_wconf 86' lang='lat' dir='ltr'>percussae</span> <span class='ocrx_word' id='word_1_193' title='bbox 1189 2057 1271 2122; x_wconf 90' lang='lat' dir='ltr'>capta</span> 
     </span>
     <span class='ocr_line' id='line_1_57' title="bbox 776 2141 908 2213; baseline 0 -19"><span class='ocrx_word' id='word_1_194' title='bbox 776 2141 908 2213; x_wconf 81' lang='lat' dir='ltr'>cohaesit.</span> 
     </span>
    </p>
   </div>
   <div class='ocr_carea' id='block_1_12' title="bbox 737 2404 1309 3000">
    <p class='ocr_par' dir='ltr' id='par_1_34' title="bbox 740 2404 1268 2562">
     <span class='ocr_line' id='line_1_58' title="bbox 740 2404 1268 2473; baseline 0 -13"><span class='ocrx_word' id='word_1_195' title='bbox 740 2405 799 2460; x_wconf 86' lang='lat'><strong>535.</strong></span> <span class='ocrx_word' id='word_1_196' title='bbox 819 2404 923 2458; x_wconf 84' lang='lat' dir='ltr'>Celsior</span> <span class='ocrx_word' id='word_1_197' title='bbox 935 2408 964 2459; x_wconf 84' lang='lat' dir='ltr'>at</span> <span class='ocrx_word' id='word_1_198' title='bbox 976 2405 1080 2459; x_wconf 87' lang='lat' dir='ltr'>cunctis</span> <span class='ocrx_word' id='word_1_199' title='bbox 1093 2404 1173 2460; x_wconf 84' lang='lat' dir='ltr'>Bruti</span> <span class='ocrx_word' id='word_1_200' title='bbox 1189 2421 1268 2473; x_wconf 88' lang='lat' dir='ltr'>prae·</span> 
     </span>
     <span class='ocr_line' id='line_1_59' title="bbox 775 2492 969 2562; baseline 0.005 -17"><span class='ocrx_word' id='word_1_201' title='bbox 775 2492 848 2546; x_wconf 90' lang='lat' dir='ltr'>toria</span> <span class='ocrx_word' id='word_1_202' title='bbox 866 2492 969 2562; x_wconf 89' lang='lat' dir='ltr'>puppis</span> 
     </span>
    </p>

    <p class='ocr_par' dir='ltr' id='par_1_35' title="bbox 739 2578 1309 2738">
     <span class='ocr_line' id='line_1_60' title="bbox 739 2578 1309 2650; baseline 0.002 -16"><span class='ocrx_word' id='word_1_203' title='bbox 739 2578 906 2634; x_wconf 86' lang='lat' dir='ltr'>Verberibus</span> <span class='ocrx_word' id='word_1_204' title='bbox 930 2580 1003 2633; x_wconf 86' lang='lat' dir='ltr'>senis</span> <span class='ocrx_word' id='word_1_205' title='bbox 1026 2581 1130 2650; x_wconf 89' lang='lat' dir='ltr'>agitur,</span> <span class='ocrx_word' id='word_1_206' title='bbox 1153 2582 1266 2635; x_wconf 87' lang='lat' dir='ltr'>molem·</span> <span class='ocrx_word' id='word_1_207' title='bbox 1307 2587 1309 2592; x_wconf 82' lang='grc'>’</span> 
     </span>
     <span class='ocr_line' id='line_1_61' title="bbox 774 2667 1081 2738; baseline 0.003 -18"><span class='ocrx_word' id='word_1_208' title='bbox 774 2685 827 2738; x_wconf 90' lang='lat' dir='ltr'>qne</span> <span class='ocrx_word' id='word_1_209' title='bbox 843 2667 983 2736; x_wconf 83' lang='lat' dir='ltr'>profundo</span> <span class='ocrx_word' id='word_1_210' title='bbox 1079 2693 1081 2698; x_wconf 96' lang='lat'>·</span> 
     </span>
    </p>

    <p class='ocr_par' dir='ltr' id='par_1_36' title="bbox 737 2753 1266 2911">
     <span class='ocr_line' id='line_1_62' title="bbox 737 2753 1266 2826; baseline 0.008 -20"><span class='ocrx_word' id='word_1_211' title='bbox 737 2753 861 2822; x_wconf 87' lang='lat' dir='ltr'>Invenit,</span> <span class='ocrx_word' id='word_1_212' title='bbox 886 2759 914 2809; x_wconf 90' lang='lat' dir='ltr'>et</span> <span class='ocrx_word' id='word_1_213' title='bbox 941 2755 1056 2808; x_wconf 88' lang='lat' dir='ltr'>summis</span> <span class='ocrx_word' id='word_1_214' title='bbox 1083 2756 1166 2826; x_wconf 88' lang='lat' dir='ltr'>longe</span> <span class='ocrx_word' id='word_1_215' title='bbox 1192 2756 1266 2826; x_wconf 89' lang='lat' dir='ltr'>petit</span> 
     </span>
     <span class='ocr_line' id='line_1_63' title="bbox 772 2843 1000 2911; baseline 0 -15"><span class='ocrx_word' id='word_1_216' title='bbox 772 2859 891 2911; x_wconf 84' lang='lat' dir='ltr'>aequora</span> <span class='ocrx_word' id='word_1_217' title='bbox 908 2843 1000 2896; x_wconf 87' lang='lat' dir='ltr'>remis.</span> 
     </span>
    </p>

    <p class='ocr_par' dir='ltr' id='par_1_37' title="bbox 737 2929 1265 3000">
     <span class='ocr_line' id='line_1_64' title="bbox 737 2929 1265 3000; baseline -0.008 -14"><span class='ocrx_word' id='word_1_218' title='bbox 737 2931 801 2986; x_wconf 85' lang='lat'><strong>536:</strong></span> <span class='ocrx_word' id='word_1_219' title='bbox 820 2930 989 2985; x_wconf 87' lang='lat' dir='ltr'>Verberibus</span> <span class='ocrx_word' id='word_1_220' title='bbox 1011 2929 1083 2984; x_wconf 87' lang='lat' dir='ltr'>senis</span> <span class='ocrx_word' id='word_1_221' title='bbox 1102 2929 1194 3000; x_wconf 85' lang='lat' dir='ltr'>agitur</span> <span class='ocrx_word' id='word_1_222' title='bbox 1208 2969 1265 2983; x_wconf 88' lang='lat'><em>....</em></span> 
     </span>
    </p>
   </div>
   <div class='ocr_carea' id='block_1_13' title="bbox 733 3105 1263 4224">
    <p class='ocr_par' dir='ltr' id='par_1_38' title="bbox 736 3105 1263 3249">
     <span class='ocr_line' id='line_1_65' title="bbox 736 3105 1263 3174; baseline -0.004 -11"><span class='ocrx_word' id='word_1_223' title='bbox 736 3107 800 3163; x_wconf 75' lang='lat'>593:</span> <span class='ocrx_word' id='word_1_224' title='bbox 828 3123 883 3174; x_wconf 93' lang='lat' dir='ltr'>qua</span> <span class='ocrx_word' id='word_1_225' title='bbox 909 3106 1001 3160; x_wconf 91' lang='lat' dir='ltr'>nullae</span> <span class='ocrx_word' id='word_1_226' title='bbox 1028 3105 1125 3160; x_wconf 89' lang='lat' dir='ltr'>melius</span> <span class='ocrx_word' id='word_1_227' title='bbox 1145 3147 1151 3160; x_wconf 87' lang='lat'><strong>.</strong></span> <span class='ocrx_word' id='word_1_228' title='bbox 1170 3148 1175 3159; x_wconf 93' lang='lat'><em>.</em></span> <span class='ocrx_word' id='word_1_229' title='bbox 1194 3149 1200 3160; x_wconf 94' lang='lat'>.</span> <span class='ocrx_word' id='word_1_230' title='bbox 1220 3123 1263 3161; x_wconf 90' lang='lat' dir='ltr'>ca-</span> 
     </span>
     <span class='ocr_line' id='line_1_66' title="bbox 770 3194 849 3249; baseline 0.025 -2"><span class='ocrx_word' id='word_1_231' title='bbox 770 3194 849 3249; x_wconf 89' lang='lat' dir='ltr'>rinae</span> 
     </span>
    </p>

    <p class='ocr_par' dir='ltr' id='par_1_39' title="bbox 734 3282 1104 3348">
     <span class='ocr_line' id='line_1_67' title="bbox 734 3282 1104 3348; baseline -0.011 -13"><span class='ocrx_word' id='word_1_232' title='bbox 734 3282 873 3336; x_wconf 85' lang='lat' dir='ltr'>Audivere</span> <span class='ocrx_word' id='word_1_233' title='bbox 891 3297 1004 3336; x_wconf 88' lang='lat' dir='ltr'>manum</span> <span class='ocrx_word' id='word_1_234' title='bbox 1021 3321 1047 3335; x_wconf 93' lang='lat'>..</span> <span class='ocrx_word' id='word_1_235' title='bbox 1062 3323 1068 3334; x_wconf 92' lang='lat'>.</span> <span class='ocrx_word' id='word_1_236' title='bbox 1083 3301 1104 3348; x_wconf 89' lang='lat'>.;</span> 
     </span>
    </p>

    <p class='ocr_par' dir='ltr' id='par_1_40' title="bbox 735 3369 1169 3437">
     <span class='ocr_line' id='line_1_68' title="bbox 735 3369 1169 3437; baseline -0.005 -13"><span class='ocrx_word' id='word_1_237' title='bbox 735 3370 912 3425; x_wconf 86' lang='lat' dir='ltr'>Gubernator</span> <span class='ocrx_word' id='word_1_238' title='bbox 929 3369 1011 3437; x_wconf 90' lang='lat' dir='ltr'>hujus</span> <span class='ocrx_word' id='word_1_239' title='bbox 1029 3369 1107 3423; x_wconf 90' lang='lat' dir='ltr'>navis</span> <span class='ocrx_word' id='word_1_240' title='bbox 1125 3372 1169 3424; x_wconf 86' lang='lat' dir='ltr'>est</span> 
     </span>
    </p>

    <p class='ocr_par' dir='ltr' id='par_1_41' title="bbox 734 3457 1136 3526">
     <span class='ocr_line' id='line_1_69' title="bbox 734 3457 1136 3526; baseline -0.005 -16"><span class='ocrx_word' id='word_1_241' title='bbox 734 3457 821 3512; x_wconf 91' lang='lat' dir='ltr'>Telon</span> <span class='ocrx_word' id='word_1_242' title='bbox 840 3457 953 3526; x_wconf 88' lang='lat' dir='ltr'>quidam</span> <span class='ocrx_word' id='word_1_243' title='bbox 971 3475 998 3510; x_wconf 91' lang='lat' dir='ltr'>v.</span> <span class='ocrx_word' id='word_1_244' title='bbox 1016 3457 1080 3511; x_wconf 81' lang='lat'>592:</span> <span class='ocrx_word' id='word_1_245' title='bbox 1134 3484 1136 3498; x_wconf 91' lang='lat'>·</span> 
     </span>
    </p>

    <p class='ocr_par' dir='ltr' id='par_1_42' title="bbox 733 3542 1262 3702">
     <span class='ocr_line' id='line_1_70' title="bbox 733 3542 1262 3614; baseline -0.004 -16"><span class='ocrx_word' id='word_1_246' title='bbox 733 3545 839 3614; x_wconf 83' lang='lat' dir='ltr'>Dirigit</span> <span class='ocrx_word' id='word_1_247' title='bbox 860 3545 915 3599; x_wconf 89' lang='lat' dir='ltr'>huo</span> <span class='ocrx_word' id='word_1_248' title='bbox 937 3545 1055 3614; x_wconf 89' lang='lat' dir='ltr'>puppim</span> <span class='ocrx_word' id='word_1_249' title='bbox 1078 3542 1173 3597; x_wconf 88' lang='lat' dir='ltr'>miseri</span> <span class='ocrx_word' id='word_1_250' title='bbox 1197 3559 1262 3610; x_wconf 90' lang='lat' dir='ltr'>quo-</span> 
     </span>
     <span class='ocr_line' id='line_1_71' title="bbox 769 3619 1090 3702; baseline -0.009 -16"><span class='ocrx_word' id='word_1_251' title='bbox 769 3651 823 3702; x_wconf 91' lang='lat' dir='ltr'>que</span> <span class='ocrx_word' id='word_1_252' title='bbox 840 3633 941 3687; x_wconf 86' lang='lat' dir='ltr'>dextra</span> <span class='ocrx_word' id='word_1_253' title='bbox 958 3619 1090 3685; x_wconf 44' lang='lat' dir='ltr'>Telonis*</span> 
     </span>
    </p>

    <p class='ocr_par' dir='ltr' id='par_1_43' title="bbox 733 3720 1263 3877">
     <span class='ocr_line' id='line_1_72' title="bbox 733 3720 1263 3788; baseline -0.008 -12"><span class='ocrx_word' id='word_1_254' title='bbox 733 3722 799 3776; x_wconf 78' lang='lat'>597:</span> <span class='ocrx_word' id='word_1_255' title='bbox 817 3720 871 3774; x_wconf 90' lang='lat' dir='ltr'>Hic</span> <span class='ocrx_word' id='word_1_256' title='bbox 883 3721 979 3775; x_wconf 90' lang='lat' dir='ltr'>Latiae</span> <span class='ocrx_word' id='word_1_257' title='bbox 995 3722 1087 3773; x_wconf 91' lang='lat' dir='ltr'>rostro</span> <span class='ocrx_word' id='word_1_258' title='bbox 1100 3735 1263 3788; x_wconf 84' lang='lat' dir='ltr'>compagem</span> 
     </span>
     <span class='ocr_line' id='line_1_73' title="bbox 768 3807 969 3877; baseline -0.005 -18"><span class='ocrx_word' id='word_1_259' title='bbox 768 3812 882 3877; x_wconf 90' lang='lat' dir='ltr'>ruperat</span> <span class='ocrx_word' id='word_1_260' title='bbox 900 3807 969 3861; x_wconf 89' lang='lat' dir='ltr'>alni:</span> 
     </span>
    </p>

    <p class='ocr_par' dir='ltr' id='par_1_44' title="bbox 733 3893 1261 4051">
     <span class='ocr_line' id='line_1_74' title="bbox 733 3893 1261 3948; baseline 0 0"><span class='ocrx_word' id='word_1_261' title='bbox 733 3895 794 3948; x_wconf 91' lang='lat' dir='ltr'>Pila</span> <span class='ocrx_word' id='word_1_262' title='bbox 819 3895 868 3948; x_wconf 89' lang='lat' dir='ltr'>sed</span> <span class='ocrx_word' id='word_1_263' title='bbox 891 3894 920 3946; x_wconf 91' lang='lat' dir='ltr'>in</span> <span class='ocrx_word' id='word_1_264' title='bbox 942 3893 1065 3947; x_wconf 88' lang='lat' dir='ltr'>medium</span> <span class='ocrx_word' id='word_1_265' title='bbox 1088 3909 1189 3946; x_wconf 88' lang='lat' dir='ltr'>venere</span> <span class='ocrx_word' id='word_1_266' title='bbox 1207 3897 1261 3948; x_wconf 89' lang='lat' dir='ltr'>tre·</span> 
     </span>
     <span class='ocr_line' id='line_1_75' title="bbox 769 3982 996 4051; baseline -0.013 -17"><span class='ocrx_word' id='word_1_267' title='bbox 769 3982 873 4034; x_wconf 87' lang='lat' dir='ltr'>mentia</span> <span class='ocrx_word' id='word_1_268' title='bbox 890 3985 996 4051; x_wconf 87' lang='lat' dir='ltr'>pectus,</span> 
     </span>
    </p>

    <p class='ocr_par' dir='ltr' id='par_1_45' title="bbox 734 4068 1260 4224">
     <span class='ocr_line' id='line_1_76' title="bbox 734 4068 1260 4136; baseline -0.004 -14"><span class='ocrx_word' id='word_1_269' title='bbox 734 4068 899 4136; x_wconf 88' lang='lat' dir='ltr'>Avertitque</span> <span class='ocrx_word' id='word_1_270' title='bbox 921 4071 1010 4122; x_wconf 89' lang='lat' dir='ltr'>ratem</span> <span class='ocrx_word' id='word_1_271' title='bbox 1029 4069 1175 4123; x_wconf 90' lang='lat' dir='ltr'>morientis</span> <span class='ocrx_word' id='word_1_272' title='bbox 1195 4069 1260 4123; x_wconf 82' lang='lat' dir='ltr'>dex·</span> 
     </span>
     <span class='ocr_line' id='line_1_77' title="bbox 767 4155 963 4224; baseline 0.01 -17"><span class='ocrx_word' id='word_1_273' title='bbox 767 4158 812 4208; x_wconf 88' lang='lat' dir='ltr'>tra</span> <span class='ocrx_word' id='word_1_274' title='bbox 829 4155 963 4224; x_wconf 84' lang='lat' dir='ltr'>magistri.</span> 
     </span>
    </p>
   </div>
   <div class='ocr_carea' id='block_1_14' title="bbox 0 0 1552 4880">
    <p class='ocr_par' dir='ltr' id='par_1_46' title="bbox 0 0 1552 4880">
     <span class='ocr_line' id='line_1_78' title="bbox 0 0 1552 4880; baseline 0 6"><span class='ocrx_word' id='word_1_275' title='bbox 0 0 1552 4880; x_wconf 95' lang='lat' dir='ltr'> </span> 
     </span>
    </p>
   </div>
  </div>
 </body>
</html>
