3096 4880
671 271 711 336 79

129 463 317 548 Scipionem
339 481 405 524 non
427 459 534 524 solum
557 455 650 524 ducis
674 455 731 523 sed
753 459 852 522 etiam
873 458 988 526 militis
1010 459 1101 525 obire
1122 461 1244 543 munia,

128 585 168 631 eo
184 564 416 630 ¹vehementius
436 562 470 625 in
498 583 642 648 pugnam
669 562 830 627 irruentes
851 558 980 627 hostem
1001 571 1096 650 terga
1117 573 1245 628 vertere

128 676 260 754 cogant.
310 663 436 731 Narrat
466 665 551 730 enirn
579 664 755 750 Appianus
782 664 863 730 haec
883 663 940 729 lib.
964 667 1001 748 8,
1024 687 1095 752 cap.
1118 670 1187 734 45.:
1215 667 1242 732 οί

129 769 296 856 στρατηγοί
311 817 415 835 .....
430 765 535 854 ὥρμων
562 761 604 833 ἐπ’
638 762 800 856 ἀλλήλους,
824 763 863 846 ὦς
885 767 916 834 έν
938 767 1020 854 σφίσι
1040 773 1098 858 τῆς
1118 769 1245 854 κρίσεως

126 874 301 959 ταχυτέρας
322 871 474 956 ἐσομένης.
501 868 557 937 καὶ
577 865 741 957 ἠκόντισαν
760 867 852 955 όμοῦ,
873 870 1010 939 Σκιπίων
1031 869 1087 956 μὲν
1107 868 1245 954 Ἀννίβου

125 975 185 1064 τὴν
212 971 340 1053 ἀσπίδα,
361 970 377 1038 ὃ
399 969 421 1038 δ’
449 969 592 1054 ’Δννίβας
617 973 707 1058 ἔτυχε
733 977 787 1038 τοῦ
818 971 917 1040 ἵππου.
944 972 999 1040 καὶ
1025 971 1041 1038 ό
1069 971 1159 1053 ἵππος
1184 973 1251 1043 ὑπό

125 1082 187 1167 τῆς
207 1082 328 1164 πληγῆς
347 1075 488 1161 ἐξέφερεν
509 1073 602 1142 ὀπίσω
623 1073 675 1141 τὸν
698 1075 866 1158 Σκιπίωνα,
888 1077 977 1163 μέχρι
997 1077 1124 1165 περιβὰς
1143 1077 1244 1164 ἕτερον

124 1181 232 1264 ἵππον,
261 1171 356 1256 αὔξεις
384 1179 417 1257 ές
443 1177 495 1245 τόν
516 1175 661 1260 Ἀννίβαν
683 1174 847 1267 ἠκόντισεν.
871 1175 951 1245 Ἀλλ’
978 1175 1127 1266 ἀπέτυχεν
1149 1177 1242 1249 αὑτοῦ

126 1284 184 1351 καί
205 1283 292 1363 τότε,
318 1281 372 1349 τόν
393 1281 427 1347 δέ
448 1281 542 1348 ίππέα
563 1278 616 1348 τόν
638 1279 729 1367 έγγίνς
750 1281 865 1363 ἔβαλεν.
887 1271 946 1370 ἧκε
968 1281 996 1347 δ’
1018 1282 1049 1349 έν
1069 1281 1167 1374 τοότῳ
1187 1284 1244 1351 καί

125 1385 360 1472 Μασσανάσσης
380 1384 553 1470 πυλόμενος
573 1382 628 1450 καί
646 1384 675 1450 οί
694 1382 846 1470 Ῥωμαῖοι
866 1383 920 1483 τόν
935 1385 1103 1473 στρατηγόν
1119 1383 1244 1473 όρῶντες
1350 1413 1359 1430 ·
1379 1423 1383 1432 ,

127 1492 354 1577 στρατιωτικῶς
382 1490 464 1574 σρῶν
489 1483 735 1573 ίιπερμαχόμενον
758 1484 982 1572 καρτερώτερον
1002 1495 1066 1565 τοῖς
1090 1491 1245 1577 πολεμίοις

127 1595 281 1675 ἐνέπεσον,
303 1589 359 1657 καί
381 1591 558 1676 ἐτρέψαντο,
580 1587 636 1655 καὶ
657 1587 825 1676 ρεάγοντας
846 1589 978 1655 ἐδίωκον.

217 1701 264 1764 17.
291 1694 396 1759 Poeni
425 1693 527 1779 igitur
553 1693 686 1778 fugiunt
703 1699 745 1756 ¹et
773 1715 834 1778 per
858 1700 1024 1778 patentem
1046 1693 1134 1759 circa
1156 1717 1243 1762 cam-

126 1823 206 1887 pum
243 1798 366 1885 sparsi‚
405 1804 536 1860 tenente
569 1797 679 1861 omnia
717 1796 867 1880 equitatu
904 1795 1028 1881 passim
1065 1797 1240 1866 intereunt.

125 1903 193 1968 His
214 1901 282 1966 fere
303 1900 413 1965 verbis
435 1899 553 1964 Livius
580 1907 738 1964 usus-est
760 1898 816 1964 lib.
838 1903 897 1982 30,
919 1921 990 1986 cap.
1013 1902 1066 1968 35.
1088 1901 1146 1966 ubi
1167 1926 1242 1968 nar-

126 2015 194 2071 rat:
217 2005 251 2069 in
273 2014 420 2089 tempore
436 2002 570 2067 Laelius
593 2023 631 2066 ac
645 2001 854 2085 Massinissa,
877 2002 991 2088 pulsos
1012 2025 1072 2089 per
1094 2005 1242 2089 aliquan-

125 2119 198 2173 tum
222 2108 321 2194 spatii
345 2106 448 2172 secuti
478 2104 619 2189 equites,
648 2113 848 2170 revertentes
870 2105 905 2169 in
926 2127 1074 2170 aversam
1096 2105 1242 2174 hostium

127 2212 231 2276 aciem
253 2211 427 2274 incurrere.
450 2208 479 2272 is
495 2205 624 2271 demum
647 2207 795 2292 equitum
816 2208 957 2294 impetus
972 2206 1060 2272 fudit
1081 2207 1244 2276 hostem.“

126 2314 200 2380 Nec
221 2337 287 2392 non
308 2312 342 2377 in
365 2310 527 2395 excerptis
543 2307 734 2397 Polybianis
756 2333 809 2376 res
832 2311 936 2376 simile
951 2310 1075 2377 tradita
1096 2321 1162 2379 cst:
1185 2314 1242 2380 lib.

22 2451 24 2458 ·
126 2417 209 2500 XV,
232 2438 302 2501 cap.
327 2416 383 2498 14,
413 2419 457 2482 l:
486 2411 543 2490 ἕως
569 2412 597 2478 oi
617 2410 685 2497 περί
711 2409 763 2480 τόν
790 2410 1022 2500 Μασσανάσσην
1043 2414 1097 2481 καί
1118 2415 1243 2485 Λαιλιον

126 2513 188 2586 ἀπὸ
216 2521 271 2585 τοῦ
297 2515 469 2602 διώγματος
494 2518 553 2581 τῶν
579 2515 690 2582 ίππέων
719 2513 974 2601 ἀνακάμπτοντες
1000 2516 1056 2582 καί
1083 2521 1243 2605 δαιμονίως

126 2621 171 2700 είς
198 2621 308 2686 δέοντα
321 2617 436 2706 καιρόν
458 2623 605 2705 συνῆψαν.
628 2608 667 2685 ia
686 2615 909 2705 προςπεσόντων
931 2625 995 2696 τοῖς
1015 2617 1083 2708 περί
1103 2621 1156 2688 τόν
1172 2619 1244 2690 Ἀν-

126 2724 213 2804 νίβαν
233 2721 363 2789 κατόπιν
385 2722 412 2787 οί
433 2719 488 2807 μὲν
508 2725 642 2787 πλεῖστοι
662 2719 880 2810 κατεκόπησαν
894 2723 925 2788 έν
946 2727 987 2810 τῇ
1008 2721 1106 2805 τάξει,
1128 2729 1187 2792 τῶν
1208 2727 1243 2793 δέ

125 2823 200 2910 πρός
221 2823 319 2913 φυγὴν
341 2821 539 2911 ὁρμησάντων
554 2821 646 2907 όλίγοι
660 2827 815 2902 παντελῶς
829 2826 974 2912 διέφυγον.
1012 2823 1114 2893 Silius
1131 2837 1241 2893 autem

127 2937 160 2992 et
186 2928 362 3013 Appianus
388 2926 472 2990 hanc
499 2926 685 2991 Poenorum
712 2927 825 3013 fugam
853 2927 1019 2994 absentiae
1044 2928 1242 2998 Hannibalis

125 3030 290 3109 tribuunt3
314 3029 417 3097 Silius
440 3029 525 3093 enirn
547 3028 603 3094 lib.
626 3029 746 3114 XVII,
764 3055 799 3095 ¹v.
822 3033 883 3099 581
908 3053 980 3115 sqq.
1004 3029 1099 3096 dicit:

279 3201 388 3255 interea
407 3199 524 3256 Cadmca
541 3217 648 3269 manus,
667 3201 780 3256 decerta
797 3219 956 3272 pavensque

167 3333 187 3360 ,
277 3287 341 3341 Non
359 3288 447 3342 ullum
464 3289 662 3356 Hannibalem,
680 3306 815 3358 nusquam
833 3290 984 3345 certamina
1001 3293 1091 3347 cernit

277 3374 358 3430 Saevi
375 3380 441 3432 ncta
459 3376 551 3446 ducis,
568 3394 633 3448 pars
650 3375 724 3430 ferro
743 3377 906 3432 occumbere
923 3378 1049 3449 credunt,

278 3463 347 3517 Pars
365 3462 512 3519 damnasse
529 3463 625 3532 aciem,
645 3468 674 3519 ct
692 3463 805 3534 Superis
824 3465 942 3521 cessisse
959 3465 1088 3522 sinistris.

128 3635 304 3721 Appianus
332 3643 440 3699 autem
466 3634 522 3699 lib.
551 3639 587 3718 8,
614 3658 687 3722 cap.
716 3639 767 3704 46.
791 3634 872 3702 haec
892 3635 1008 3703 habet:
1036 3637 1107 3704 τότε
1133 3638 1192 3726 γὰρ
1214 3640 1243 3707 ol

125 3737 308 3824 μαχόμενοι,
340 3741 397 3824 τῆς
429 3736 485 3823 μὲν
518 3737 621 3816 αἰτίας
650 3735 685 3804 οίν
717 3741 874 3821 συνιέντες,
906 3738 961 3825 τὴν
994 3737 1016 3806 δ’
1050 3738 1242 3830 ἀποχώρησιν

127 3841 222 3908 αιίτοίν
237 3840 335 3928 φυγὴν
354 3836 556 3921 ὑπολαβόντες
571 3834 655 3921 εἶναι,
677 3838 728 3907 τόν
750 3838 853 3927 ἀγῶνα
874 3847 1019 3928 μεῖιήκαν
1033 3841 1164 3922 ἑκόντες.
1186 3845 1243 3911 καί

125 3943 234 4029 ἔφυγον
262 3940 420 4026 ἀκόσμως,
454 3937 509 4028 οὐχ
535 3931 612 4030 ᾗπερ
635 3943 731 4028 έώρων
755 3940 909 4026 Ἀννίβαν,
937 3941 1000 4011 ἀλλ’
1031 3944 1092 4034 όπη
1121 3947 1241 4033 τύχοιεν

127 4046 261 4114 ἕκαστοι.
305 4044 397 4109 Haec
419 4067 551 4128 quoque
573 4067 625 4110 res
641 4043 771 4110 videtur
786 4043 938 4112 docuisse
959 4047 1046 4114 hunc
1066 4051 1239 4137 utriusque

126 4148 299 4234 scriptoris
321 4169 514 4214 consensum
536 4170 602 4212 non
623 4169 695 4214 esse
717 4149 898 4214 fortuitum.
