3096 4880
857 282 896 346 78

316 472 463 558 tubdpoc
539 513 547 530 ·
569 519 575 530 .
599 464 683 534 κατὰ
704 464 739 532 δὲ
765 465 819 536 τὸν
841 467 948 552 καιρόν
970 469 1077 536 τοῦτον
1099 466 1132 533 αί
1153 465 1311 554 φάλαγγες
1334 461 1437 552 άμρό-

316 600 403 663 τεραι
428 569 527 658 βάδην
549 567 699 657 άλλήλαις
725 567 781 638 καί
809 574 944 656 σοβαρῶς
967 569 1099 656 ἐπῇσαν,
1127 569 1205 656 πλὴν
1231 574 1291 636 τῶν
1318 570 1356 638 ἐκ
1375 573 1437 658 τῆς

313 678 451 756 Ἰταλίας
469 670 539 761 Ιμετ’
566 668 702 754 Ἀννίβου
728 669 986 758 παραγεγονότων.
1012 660 1094 738 οὗτοι
1120 667 1255 758 δ’ἕμευον
1275 673 1439 758 ἐπέχοντες

316 778 369 863 τὸν
400 778 434 860 ἐξ
453 774 564 865 -ἀρχῆς
591 772 691 842 τόπον.
734 773 886 858 Denique
909 773 1084 860 Appianus
1110 773 1152 842 de
1180 775 1278 844 rebus
1300 774 1438 862 Punicis

318 907 389 969 cap.
413 883 464 974 44.
487 886 615 946 narrat:
644 874 679 943 τό
706 873 762 962 μὲν
789 865 839 944 οὖν
867 873 962 956 δεξιόν
989 873 1024 944 τό
1045 873 1220 962 Ῥωμαίων,
1248 868 1283 945 οἷν
1309 877 1438 956 Λαίλιος

306 983 491 1072 ΙΙΙἐπεστάτει,
524 983 685 1066 τρέπεται,
716 975 788 1056 τοὺς
820 979 973 1057 ἐναντίους
1004 977 1173 1065 Νομάδας,
1207 978 1439 1048 Μασσανάσσου

318 1087 463 1172 βαλόντος
493 1080 591 1154 αὐτῶν
623 1079 675 1150 τὸν
708 1081 857 1168 δυνάστην
883 1079 1071 1170 Μαοσάδην.
1098 1078 1211 1163 ὀξέως
1239 1077 1263 1148 δ’
1297 1079 1440 1160 αὐτοὺς

318 1189 525 1271 δἈννίβας
546 1182 758 1271 ἐπιδραμὼν
780 1186 981 1253 συνέτασσε
1002 1184 1073 1273 τὴν
1094 1183 1230 1271 μάχην.
1381 1227 1385 1232 -

405 1297 467 1375 12.,
486 1289 615 1356 Eodem
634 1286 742 1374 capite
763 1288 938 1374 Appianas
955 1288 1003 1355 sio
1016 1288 1141 1376 pergit:
1162 1285 1306 1370 Ἀννίβας
1325 1284 1350 1354 δ’
1372 1287 1441 1354 ἐπεὶ

317 1395 354 1465 τὸ
376 1393 463 1464 λαιὸν
484 1394 679 1478 συνέστησεν,
706 1391 739 1468 ἐς
765 1390 839 1469 τοὺς
858 1390 974 1472 Λίβυας
1000 1388 1057 1456 καί
1080 1391 1215 1470 Κελτοὺς
1240 1391 1440 1476 percussa,
1476 1413 1483 1444 ν

319 1499 439 1589 ἐπάγων
466 1494 535 1584 ἅμα
552 1486 618 1582 ’την
646 1495 789 1580 δευτέραν
820 1491 907 1573 τάξιν
931 1495 1148 1580 Καρχηδονίων
1174 1519 1209 1562 τε
1235 1495 1292 1562 καί
1318 1493 1439 1577 Λιβύων

319 1626 415 1678 ...;
431 1623 501 1687 oap.
516 1601 586 1668 45.:
609 1601 733 1683 μακρᾶς
747 1595 782 1662 δὲ
803 1595 859 1663 καὶ
880 1592 1005 1682 ἀκρίτου
1026 1602 1086 1686 τῆς
1106 1595 1211 1685 μάχης
1233 1594 1335 1685 οόσης,
1351 1647 1359 1662 .
1377 1647 1385 1662 .
1404 1645 1438 1664 ..
1528 1587 1529 1592 ¹

319 1705 437 1786 Livius
460 1710 568 1768 autem
589 1699 688 1786 hujus
714 1700 763 1764 rei
785 1723 825 1765 ne
846 1700 947 1766 verbo
969 1700 1103 1786 quidem
1124 1701 1321 1766 mentionem
1343 1699 1437 1783 facit,

319 1807 378 1876 sed
399 1807 521 1891 ubique
544 1801 633 1890 apud
654 1825 728 1868 eum
744 1801 847 1868 Poeni
863 1801 978 1889 pedem
993 1803 1154 1883 referunt3
1177 1803 1326 1872 conferas
1348 1803 1439 1868 onim

304 1913 376 1978 ‘'lib.
404 1915 460 1993 30,
486 1931 557 1992 cap.
585 1909 653 1974 34:
686 1906 790 1991 igitur
822 1906 928 1991 primo
956 1905 1081 1992 impetu
1109 1906 1274 1992 extemplo
1305 1926 1439 1987 movere

319 2017 393 2081 loco
421 2011 567 2078 hostium
601 2008 703 2073 aciem
730 2007 880 2074 Romani.
925 2006 1050 2074 Contra
1076 2007 1179 2076 Silius
1211 2009 1317 2092 illam,
1350 2030 1440 2093 quae

321 2114 409 2203 apud
424 2113 615 2199 Appianum
630 2119 739 2176 exstat
753 2111 911 2195 narratio,
929 2120 1072 2196 secutus,
1087 2111 1308 2192 Hannibalem
1322 2109 1438 2178 hostes

320 2220 354 2302 in
375 2218 488 2304 fugam
509 2214 648 2280 vertisse
670 2211 773 2278 tradit
795 2213 852 2280 lib.
877 2218 927 2300 17,
949 2239 980 2279 v.
1002 2218 1094 2284 472:

493 2365 580 2424 ‘Tum
596 2369 681 2439 Libys
705 2369 813 2425 invadit
834 2369 938 2425 mixtae
956 2369 1107 2425 certamina
1124 2369 1222 2424 turbae

508 2458 704 2527 Convertitque
726 2475 808 2512 ruens
831 2475 882 2528 per
899 2459 1012 2528 longum
1029 2458 1144 2513 hostilia
1160 2460 1247 2527 terga.

407 2606 474 2684 13„
503 2598 598 2681 Quae
624 2621 736 2684 pugna
761 2605 799 2661 ut
825 2595 923 2663 citius
950 2594 1144 2662 decernatur
1172 2596 1284 2683 Scipio
1307 2595 1438 2662 Hanni-

237 2744 242 2752 ·
321 2689 427 2771 balam
454 2704 562 2790 ipsum
588 2693 718 2786 quaerit
744 2709 776 2764 et
804 2697 847 2765 ad
879 2709 1043 2766 certamen
1074 2700 1239 2786 singulare
1265 2709 1438 2786 provocat.
1532 2739 1533 2748 τ

320 2806 437 2873 Nede
459 2803 521 2870 hac
542 2801 674 2890 quidem
701 2824 736 2866 re
757 2801 875 2868 Livius
905 2802 1085 2889 quidquam
1107 2801 1229 2882 tradit3
1253 2803 1341 2890 apud
1363 2803 1438 2890 Ap-

322 2910 454 2997 pianum
484 2915 593 2972 autem
621 2928 757 2993 prorsus
784 2905 897 2971 eadem
924 2906 1069 2971 narratio
1104 2906 1235 2992 legitur.
1279 2906 1332 2971 Ac
1364 2929 1439 2972 mea

320 3009 454 3098 quidem
477 3009 637 3075 sententia
652 3010 769 3073 mirum
784 3018 871 3075 esset
892 3009 982 3095 quod
1004 3017 1141 3094 uterque
1162 3009 1197 3074 in
1220 3007 1354 3074 eandem
1369 3031 1439 3074 rem

321 3112 506 3200 fingendam
528 3110 708 3195 incidisset,
729 3112 795 3178 nisi
816 3113 949 3196 utrique
970 3111 1057 3177 idem
1079 3113 1196 3178 fuisset
1210 3112 1295 3178 fons.
1333 3109 1438 3179 Silius

321 3217 407 3282 enim
430 3217 478 3283 sio
499 3223 612 3281 narrat
633 3213 689 3279 lib.
715 3219 765 3298 17,
787 3240 817 3280 r.
841 3218 904 3284 512
927 3237 1017 3300 sqq.:

940 3371 1080 3424 Hannibal
1098 3388 1167 3424 unus

478 3459 552 3514 Dum
573 3462 674 3527 restet,
696 3473 753 3512 non
771 3496 1284 3513 ..........................

477 3586 565 3600 .....
583 3544 744 3600 Profectbm
766 3545 861 3600 Latio:
880 3550 989 3615 contra,
1016 3546 1040 3600 ai
1062 3546 1191 3601 concidat
1209 3563 1287 3614 unua,

475 3632 669 3702 Nequidquam
687 3630 747 3687 fore
764 3632 916 3701 Agenoreis
935 3638 1035 3689 cuncta
1053 3651 1131 3688 arma
1148 3634 1286 3703 virosque.

476 3721 558 3776 Illum
576 3721 663 3792 igitur
681 3720 800 3774 lustrans
813 3760 900 3776 .....
919 3722 1009 3776 οεΙευε
1029 3723 1149 3778 clamore
1167 3721 1252 3776 feroci

477 3810 615 3864 Provocat
632 3807 800 3876 increpitans
818 3809 936 3865 hostem.

324 3927 413 4016 Huic
436 3960 544 4015 tamen
567 3948 738 4013 certamini
760 3949 919 4035 singulari
941 3960 974 4015 et
995 3952 1082 4017 vitae
1105 3950 1250 4036 periculo
1274 3949 1363 4036 apud
1385 3949 1438 4016 Si-

324 4053 403 4116 lium
426 4052 595 4118 Hannibal
610 4075 629 4116 a
645 4051 668 4118 J
670 4073 777 4116 unone
792 4050 997 4137 subducitur,
1021 4052 1109 4140 apud
1124 4055 1315 4140 Appianum
1331 4061 1441 4118 autom

325 4164 490 4220 certamen
513 4152 595 4218 illud
617 4154 664 4218 ita
687 4153 951 4243 interrumpitur,
978 4165 1015 4221 ut
1036 4157 1187 4240 Romani,
1210 4156 1266 4221 ubi
1289 4154 1442 4222 viderunt
