<?xml version="1.0" encoding="UTF-8"?>
<!DOCTYPE html PUBLIC "-//W3C//DTD XHTML 1.0 Transitional//EN"
    "http://www.w3.org/TR/xhtml1/DTD/xhtml1-transitional.dtd">
<html xmlns="http://www.w3.org/1999/xhtml" xml:lang="en" lang="en">
 <head>
  <title>
</title>
<meta http-equiv="Content-Type" content="text/html;charset=utf-8" />
  <meta name='ocr-system' content='tesseract 3.04.00' />
  <meta name='ocr-capabilities' content='ocr_page ocr_carea ocr_par ocr_line ocrx_word'/>
</head>
<body>
  <div class='ocr_page' id='page_1' title='image "./decsiliiitalici00wezegoog_0076.png"; bbox 0 0 3096 4880; ppageno 0'>
   <div class='ocr_carea' id='block_1_1' title="bbox 698 297 737 364">
    <p class='ocr_par' dir='ltr' id='par_1_1' title="bbox 698 297 737 364">
     <span class='ocr_line' id='line_1_1' title="bbox 698 297 737 364; baseline 0 0"><span class='ocrx_word' id='word_1_1' title='bbox 698 297 737 364; x_wconf 80' lang='lat' dir='ltr'>ll</span> 
     </span>
    </p>
   </div>
   <div class='ocr_carea' id='block_1_2' title="bbox 153 481 1282 3238">
    <p class='ocr_par' dir='ltr' id='par_1_2' title="bbox 153 481 1279 2210">
     <span class='ocr_line' id='line_1_2' title="bbox 158 481 1276 570; baseline 0.005 -22"><span class='ocrx_word' id='word_1_2' title='bbox 158 481 201 548; x_wconf 90' lang='lat' dir='ltr'>de</span> <span class='ocrx_word' id='word_1_3' title='bbox 231 481 331 550; x_wconf 87' lang='lat' dir='ltr'>rebus</span> <span class='ocrx_word' id='word_1_4' title='bbox 363 483 441 570; x_wconf 85' lang='lat' dir='ltr'>post</span> <span class='ocrx_word' id='word_1_5' title='bbox 472 505 616 570; x_wconf 81' lang='lat' dir='ltr'>pugnam</span> <span class='ocrx_word' id='word_1_6' title='bbox 650 483 852 551; x_wconf 82' lang='lat' dir='ltr'><strong>Cannensem</strong></span> <span class='ocrx_word' id='word_1_7' title='bbox 885 487 981 552; x_wconf 86' lang='lat' dir='ltr'>factis</span> <span class='ocrx_word' id='word_1_8' title='bbox 1010 486 1190 554; x_wconf 77' lang='lat' dir='ltr'>disseretur</span> <span class='ocrx_word' id='word_1_9' title='bbox 1218 509 1276 554; x_wconf 91' lang='lat' dir='ltr'>eos</span> 
     </span>
     <span class='ocr_line' id='line_1_3' title="bbox 161 585 1277 676; baseline 0.003 -25"><span class='ocrx_word' id='word_1_10' title='bbox 161 586 329 672; x_wconf 81' lang='lat' dir='ltr'><strong>oportebit</strong></span> <span class='ocrx_word' id='word_1_11' title='bbox 355 586 538 652; x_wconf 87' lang='lat' dir='ltr'>examinare</span> <span class='ocrx_word' id='word_1_12' title='bbox 565 588 743 674; x_wconf 76' lang='lat' dir='ltr'>scriptores</span> <span class='ocrx_word' id='word_1_13' title='bbox 773 610 858 672; x_wconf 92' lang='lat' dir='ltr'>quos</span> <span class='ocrx_word' id='word_1_14' title='bbox 885 585 1017 676; x_wconf 86' lang='lat' dir='ltr'>Polybii</span> <span class='ocrx_word' id='word_1_15' title='bbox 1043 589 1217 656; x_wconf 83' lang='lat' dir='ltr'>historiam</span> <span class='ocrx_word' id='word_1_16' title='bbox 1243 591 1277 654; x_wconf 93' lang='lat' dir='ltr'>in</span> 
     </span>
     <span class='ocr_line' id='line_1_4' title="bbox 163 687 1277 776; baseline 0.005 -23"><span class='ocrx_word' id='word_1_17' title='bbox 163 687 393 775; x_wconf 80' lang='lat' dir='ltr'>compendium</span> <span class='ocrx_word' id='word_1_18' title='bbox 428 688 596 776; x_wconf 84' lang='lat' dir='ltr'>redegisse</span> <span class='ocrx_word' id='word_1_19' title='bbox 626 699 768 756; x_wconf 79' lang='lat' dir='ltr'>constat</span> <span class='ocrx_word' id='word_1_20' title='bbox 818 689 1031 758; x_wconf 89' lang='lat' dir='ltr'>Omittendos</span> <span class='ocrx_word' id='word_1_21' title='bbox 1063 700 1173 758; x_wconf 87' lang='lat' dir='ltr'>autem</span> <span class='ocrx_word' id='word_1_22' title='bbox 1205 714 1277 759; x_wconf 93' lang='lat' dir='ltr'>esse</span> 
     </span>
     <span class='ocr_line' id='line_1_5' title="bbox 163 791 1279 879; baseline 0.003 -23"><span class='ocrx_word' id='word_1_23' title='bbox 163 792 275 858; x_wconf 90' lang='lat' dir='ltr'>censui</span> <span class='ocrx_word' id='word_1_24' title='bbox 302 815 414 859; x_wconf 92' lang='lat' dir='ltr'>omnes</span> <span class='ocrx_word' id='word_1_25' title='bbox 440 815 498 858; x_wconf 89' lang='lat' dir='ltr'>eos</span> <span class='ocrx_word' id='word_1_26' title='bbox 523 794 614 859; x_wconf 88' lang='lat' dir='ltr'>locos</span> <span class='ocrx_word' id='word_1_27' title='bbox 642 793 763 877; x_wconf 89' lang='lat' dir='ltr'>quibus</span> <span class='ocrx_word' id='word_1_28' title='bbox 785 793 902 860; x_wconf 81' lang='lat' dir='ltr'>Livius</span> <span class='ocrx_word' id='word_1_29' title='bbox 929 791 1154 879; x_wconf 89' lang='lat' dir='ltr'>Polybinsque</span> <span class='ocrx_word' id='word_1_30' title='bbox 1176 817 1279 879; x_wconf 89' lang='lat' dir='ltr'>aeque</span> 
     </span>
     <span class='ocr_line' id='line_1_6' title="bbox 159 894 1278 980; baseline 0.002 -21"><span class='ocrx_word' id='word_1_31' title='bbox 159 904 297 959; x_wconf 90' lang='lat' dir='ltr'>narrant</span> <span class='ocrx_word' id='word_1_32' title='bbox 325 903 423 980; x_wconf 84' lang='lat' dir='ltr'>atque</span> <span class='ocrx_word' id='word_1_33' title='bbox 451 894 570 979; x_wconf 79' lang='lat' dir='ltr'>Silius,</span> <span class='ocrx_word' id='word_1_34' title='bbox 598 917 751 961; x_wconf 87' lang='lat' dir='ltr'>necnon</span> <span class='ocrx_word' id='word_1_35' title='bbox 779 918 836 962; x_wconf 91' lang='lat' dir='ltr'>eos</span> <span class='ocrx_word' id='word_1_36' title='bbox 863 896 955 962; x_wconf 87' lang='lat' dir='ltr'>locos</span> <span class='ocrx_word' id='word_1_37' title='bbox 977 896 1097 980; x_wconf 89' lang='lat' dir='ltr'>quibus</span> <span class='ocrx_word' id='word_1_38' title='bbox 1120 895 1223 964; x_wconf 88' lang='lat' dir='ltr'>Silius</span> <span class='ocrx_word' id='word_1_39' title='bbox 1244 906 1278 962; x_wconf 91' lang='lat' dir='ltr'>et</span> 
     </span>
     <span class='ocr_line' id='line_1_7' title="bbox 159 994 1278 1084; baseline 0.004 -24"><span class='ocrx_word' id='word_1_40' title='bbox 159 994 322 1084; x_wconf 89' lang='lat' dir='ltr'>Polybius</span> <span class='ocrx_word' id='word_1_41' title='bbox 344 998 429 1062; x_wconf 89' lang='lat' dir='ltr'>inter</span> <span class='ocrx_word' id='word_1_42' title='bbox 451 1020 486 1064; x_wconf 92' lang='lat' dir='ltr'>se</span> <span class='ocrx_word' id='word_1_43' title='bbox 501 1007 718 1084; x_wconf 79' lang='lat' dir='ltr'>congruentes</span> <span class='ocrx_word' id='word_1_44' title='bbox 732 1007 879 1083; x_wconf 89' lang='lat' dir='ltr'>narrant,</span> <span class='ocrx_word' id='word_1_45' title='bbox 902 997 961 1064; x_wconf 89' lang='lat' dir='ltr'>sed</span> <span class='ocrx_word' id='word_1_46' title='bbox 982 997 1114 1064; x_wconf 89' lang='lat' dir='ltr'>easdem</span> <span class='ocrx_word' id='word_1_47' title='bbox 1128 1022 1181 1066; x_wconf 92' lang='lat' dir='ltr'>res</span> <span class='ocrx_word' id='word_1_48' title='bbox 1195 1022 1278 1084; x_wconf 92' lang='lat' dir='ltr'>quo-</span> 
     </span>
     <span class='ocr_line' id='line_1_8' title="bbox 159 1098 1276 1188; baseline 0.001 -25"><span class='ocrx_word' id='word_1_49' title='bbox 159 1098 259 1165; x_wconf 93' lang='lat' dir='ltr'>modo</span> <span class='ocrx_word' id='word_1_50' title='bbox 282 1099 400 1166; x_wconf 85' lang='lat' dir='ltr'>Livius</span> <span class='ocrx_word' id='word_1_51' title='bbox 421 1101 605 1168; x_wconf 87' lang='lat' dir='ltr'>narraverit</span> <span class='ocrx_word' id='word_1_52' title='bbox 626 1101 806 1185; x_wconf 89' lang='lat' dir='ltr'>nescimus,</span> <span class='ocrx_word' id='word_1_53' title='bbox 828 1123 903 1168; x_wconf 90' lang='lat' dir='ltr'>cum</span> <span class='ocrx_word' id='word_1_54' title='bbox 924 1101 955 1166; x_wconf 93' lang='lat' dir='ltr'>ei</span> <span class='ocrx_word' id='word_1_55' title='bbox 977 1101 1042 1188; x_wconf 89' lang='lat' dir='ltr'>ipsi</span> <span class='ocrx_word' id='word_1_56' title='bbox 1062 1101 1140 1167; x_wconf 88' lang='lat' dir='ltr'>libri</span> <span class='ocrx_word' id='word_1_57' title='bbox 1161 1099 1276 1187; x_wconf 91' lang='lat' dir='ltr'>deper-</span> 
     </span>
     <span class='ocr_line' id='line_1_9' title="bbox 160 1201 1276 1286; baseline 0.001 -20"><span class='ocrx_word' id='word_1_58' title='bbox 160 1201 225 1266; x_wconf 84' lang='lat' dir='ltr'>diti</span> <span class='ocrx_word' id='word_1_59' title='bbox 246 1202 322 1267; x_wconf 89' lang='lat' dir='ltr'>sint.</span> <span class='ocrx_word' id='word_1_60' title='bbox 368 1201 499 1286; x_wconf 78' lang='lat' dir='ltr'>Quibus</span> <span class='ocrx_word' id='word_1_61' title='bbox 514 1204 548 1267; x_wconf 93' lang='lat' dir='ltr'>in</span> <span class='ocrx_word' id='word_1_62' title='bbox 562 1203 661 1269; x_wconf 91' lang='lat' dir='ltr'>rebus</span> <span class='ocrx_word' id='word_1_63' title='bbox 682 1212 793 1268; x_wconf 88' lang='lat' dir='ltr'>utrum</span> <span class='ocrx_word' id='word_1_64' title='bbox 816 1202 919 1270; x_wconf 89' lang='lat' dir='ltr'>Silius</span> <span class='ocrx_word' id='word_1_65' title='bbox 933 1203 1024 1270; x_wconf 87' lang='lat' dir='ltr'>Livii</span> <span class='ocrx_word' id='word_1_66' title='bbox 1046 1204 1276 1270; x_wconf 88' lang='lat' dir='ltr'>auctoritatem</span> 
     </span>
     <span class='ocr_line' id='line_1_10' title="bbox 161 1304 1278 1394; baseline 0 -24"><span class='ocrx_word' id='word_1_67' title='bbox 161 1313 294 1370; x_wconf 89' lang='lat' dir='ltr'>secutus</span> <span class='ocrx_word' id='word_1_68' title='bbox 323 1328 364 1369; x_wconf 90' lang='lat' dir='ltr'>an</span> <span class='ocrx_word' id='word_1_69' title='bbox 386 1314 580 1392; x_wconf 85' lang='lat' dir='ltr'>aspernatus</span> <span class='ocrx_word' id='word_1_70' title='bbox 607 1306 651 1372; x_wconf 89' lang='lat' dir='ltr'>sit</span> <span class='ocrx_word' id='word_1_71' title='bbox 677 1328 752 1370; x_wconf 90' lang='lat' dir='ltr'>cum</span> <span class='ocrx_word' id='word_1_72' title='bbox 774 1305 817 1370; x_wconf 93' lang='lat' dir='ltr'>ad</span> <span class='ocrx_word' id='word_1_73' title='bbox 838 1304 1001 1390; x_wconf 93' lang='lat' dir='ltr'>liquidum</span> <span class='ocrx_word' id='word_1_74' title='bbox 1022 1305 1199 1394; x_wconf 90' lang='lat' dir='ltr'>perducere</span> <span class='ocrx_word' id='word_1_75' title='bbox 1221 1306 1278 1371; x_wconf 88' lang='lat' dir='ltr'>vix</span> 
     </span>
     <span class='ocr_line' id='line_1_11' title="bbox 160 1406 1279 1495; baseline 0 -23"><span class='ocrx_word' id='word_1_76' title='bbox 160 1407 343 1493; x_wconf 89' lang='lat' dir='ltr'>possimus,</span> <span class='ocrx_word' id='word_1_77' title='bbox 375 1408 574 1493; x_wconf 89' lang='lat' dir='ltr'>ubicumque</span> <span class='ocrx_word' id='word_1_78' title='bbox 600 1408 693 1495; x_wconf 89' lang='lat' dir='ltr'>prius</span> <span class='ocrx_word' id='word_1_79' title='bbox 720 1431 792 1475; x_wconf 90' lang='lat' dir='ltr'>esse</span> <span class='ocrx_word' id='word_1_80' title='bbox 818 1408 943 1474; x_wconf 87' lang='lat' dir='ltr'>factum</span> <span class='ocrx_word' id='word_1_81' title='bbox 975 1409 1048 1475; x_wconf 87' lang='lat' dir='ltr'>feci.</span> <span class='ocrx_word' id='word_1_82' title='bbox 1090 1409 1210 1495; x_wconf 90' lang='lat' dir='ltr'>Itaque</span> <span class='ocrx_word' id='word_1_83' title='bbox 1236 1406 1279 1473; x_wconf 93' lang='lat' dir='ltr'>de</span> 
     </span>
     <span class='ocr_line' id='line_1_12' title="bbox 160 1509 1278 1600; baseline 0.002 -25"><span class='ocrx_word' id='word_1_84' title='bbox 160 1510 209 1575; x_wconf 87' lang='lat' dir='ltr'>eis</span> <span class='ocrx_word' id='word_1_85' title='bbox 242 1519 371 1575; x_wconf 85' lang='lat' dir='ltr'>tantum</span> <span class='ocrx_word' id='word_1_86' title='bbox 403 1510 502 1578; x_wconf 92' lang='lat' dir='ltr'>rebus</span> <span class='ocrx_word' id='word_1_87' title='bbox 526 1512 642 1598; x_wconf 88' lang='lat' dir='ltr'>paucis</span> <span class='ocrx_word' id='word_1_88' title='bbox 670 1510 865 1600; x_wconf 81' lang='lat' dir='ltr'>disputabo,</span> <span class='ocrx_word' id='word_1_89' title='bbox 897 1511 1079 1596; x_wconf 90' lang='lat' dir='ltr'>inquibus</span> <span class='ocrx_word' id='word_1_90' title='bbox 1105 1509 1278 1577; x_wconf 88' lang='lat' dir='ltr'>narrandis</span> 
     </span>
     <span class='ocr_line' id='line_1_13' title="bbox 160 1609 1278 1701; baseline -0.004 -21"><span class='ocrx_word' id='word_1_91' title='bbox 160 1609 265 1680; x_wconf 88' lang='lat' dir='ltr'>Silius</span> <span class='ocrx_word' id='word_1_92' title='bbox 287 1621 403 1678; x_wconf 88' lang='lat' dir='ltr'>contra</span> <span class='ocrx_word' id='word_1_93' title='bbox 424 1613 514 1680; x_wconf 83' lang='lat' dir='ltr'>Livii</span> <span class='ocrx_word' id='word_1_94' title='bbox 537 1613 742 1698; x_wconf 89' lang='lat' dir='ltr'>aliorumque</span> <span class='ocrx_word' id='word_1_95' title='bbox 767 1613 1000 1680; x_wconf 86' lang='lat' dir='ltr'>auctoritatem</span> <span class='ocrx_word' id='word_1_96' title='bbox 1021 1613 1198 1701; x_wconf 90' lang='lat' dir='ltr'>Polybium</span> <span class='ocrx_word' id='word_1_97' title='bbox 1220 1621 1278 1678; x_wconf 87' lang='lat' dir='ltr'>aut</span> 
     </span>
     <span class='ocr_line' id='line_1_14' title="bbox 160 1714 1278 1801; baseline -0.002 -20"><span class='ocrx_word' id='word_1_98' title='bbox 160 1723 294 1782; x_wconf 85' lang='lat' dir='ltr'>secutus</span> <span class='ocrx_word' id='word_1_99' title='bbox 316 1723 378 1799; x_wconf 85' lang='lat' dir='ltr'>est,</span> <span class='ocrx_word' id='word_1_100' title='bbox 400 1724 458 1781; x_wconf 87' lang='lat' dir='ltr'>aut</span> <span class='ocrx_word' id='word_1_101' title='bbox 473 1715 605 1781; x_wconf 90' lang='lat' dir='ltr'>videtur</span> <span class='ocrx_word' id='word_1_102' title='bbox 620 1725 752 1784; x_wconf 86' lang='lat' dir='ltr'>secutus</span> <span class='ocrx_word' id='word_1_103' title='bbox 774 1737 856 1783; x_wconf 90' lang='lat' dir='ltr'>esse.</span> <span class='ocrx_word' id='word_1_104' title='bbox 894 1714 961 1800; x_wconf 90' lang='lat' dir='ltr'>Sic,</span> <span class='ocrx_word' id='word_1_105' title='bbox 983 1738 1182 1801; x_wconf 89' lang='lat' dir='ltr'>quamquam</span> <span class='ocrx_word' id='word_1_106' title='bbox 1204 1716 1278 1801; x_wconf 89' lang='lat' dir='ltr'>plu·</span> 
     </span>
     <span class='ocr_line' id='line_1_15' title="bbox 160 1817 1279 1907; baseline -0.002 -25"><span class='ocrx_word' id='word_1_107' title='bbox 160 1817 262 1886; x_wconf 87' lang='lat' dir='ltr'>rimos</span> <span class='ocrx_word' id='word_1_108' title='bbox 276 1818 368 1884; x_wconf 88' lang='lat' dir='ltr'>locos</span> <span class='ocrx_word' id='word_1_109' title='bbox 379 1817 500 1902; x_wconf 89' lang='lat' dir='ltr'>quibus</span> <span class='ocrx_word' id='word_1_110' title='bbox 509 1826 648 1904; x_wconf 87' lang='lat' dir='ltr'>uterque</span> <span class='ocrx_word' id='word_1_111' title='bbox 657 1818 831 1903; x_wconf 88' lang='lat' dir='ltr'>consentit,</span> <span class='ocrx_word' id='word_1_112' title='bbox 848 1821 1019 1907; x_wconf 86' lang='lat' dir='ltr'>sejungere</span> <span class='ocrx_word' id='word_1_113' title='bbox 1031 1819 1138 1885; x_wconf 86' lang='lat' dir='ltr'>coacti</span> <span class='ocrx_word' id='word_1_114' title='bbox 1154 1839 1279 1902; x_wconf 86' lang='lat' dir='ltr'>sumus,</span> 
     </span>
     <span class='ocr_line' id='line_1_16' title="bbox 160 1919 1278 2009; baseline 0.002 -25"><span class='ocrx_word' id='word_1_115' title='bbox 160 1929 288 1988; x_wconf 86' lang='lat' dir='ltr'>restant</span> <span class='ocrx_word' id='word_1_116' title='bbox 309 1929 420 1986; x_wconf 88' lang='lat' dir='ltr'>tamen</span> <span class='ocrx_word' id='word_1_117' title='bbox 439 1921 539 2006; x_wconf 88' lang='lat' dir='ltr'>pauci</span> <span class='ocrx_word' id='word_1_118' title='bbox 559 1943 601 1986; x_wconf 87' lang='lat' dir='ltr'>ex</span> <span class='ocrx_word' id='word_1_119' title='bbox 627 1921 748 2006; x_wconf 91' lang='lat' dir='ltr'>quibus</span> <span class='ocrx_word' id='word_1_120' title='bbox 771 1921 946 2009; x_wconf 90' lang='lat' dir='ltr'>Polybium</span> <span class='ocrx_word' id='word_1_121' title='bbox 968 1920 1051 1989; x_wconf 91' lang='lat' dir='ltr'>Silio</span> <span class='ocrx_word' id='word_1_122' title='bbox 1079 1921 1114 1985; x_wconf 94' lang='lat' dir='ltr'>in</span> <span class='ocrx_word' id='word_1_123' title='bbox 1135 1919 1278 1987; x_wconf 91' lang='lat' dir='ltr'>scriben-</span> 
     </span>
     <span class='ocr_line' id='line_1_17' title="bbox 153 2021 1279 2112; baseline 0.001 -24"><span class='ocrx_word' id='word_1_124' title='bbox 153 2021 214 2091; x_wconf 89' lang='lat' dir='ltr'>dis</span> <span class='ocrx_word' id='word_1_125' title='bbox 228 2022 429 2090; x_wconf 87' lang='lat' dir='ltr'>Punicorum</span> <span class='ocrx_word' id='word_1_126' title='bbox 443 2023 537 2090; x_wconf 90' lang='lat' dir='ltr'>libris</span> <span class='ocrx_word' id='word_1_127' title='bbox 560 2033 636 2090; x_wconf 89' lang='lat' dir='ltr'>ante</span> <span class='ocrx_word' id='word_1_128' title='bbox 656 2024 770 2092; x_wconf 88' lang='lat' dir='ltr'>oculos</span> <span class='ocrx_word' id='word_1_129' title='bbox 791 2023 894 2092; x_wconf 84' lang='lat' dir='ltr'>fuisse</span> <span class='ocrx_word' id='word_1_130' title='bbox 915 2033 1062 2112; x_wconf 89' lang='lat' dir='ltr'>apparet.</span> <span class='ocrx_word' id='word_1_131' title='bbox 1100 2021 1279 2090; x_wconf 83' lang='lat' dir='ltr'>Conferan-</span> 
     </span>
     <span class='ocr_line' id='line_1_18' title="bbox 160 2124 948 2210; baseline 0.005 -20"><span class='ocrx_word' id='word_1_132' title='bbox 160 2135 217 2190; x_wconf 89' lang='lat' dir='ltr'>tur</span> <span class='ocrx_word' id='word_1_133' title='bbox 238 2126 324 2192; x_wconf 92' lang='lat' dir='ltr'>enim</span> <span class='ocrx_word' id='word_1_134' title='bbox 345 2125 431 2192; x_wconf 87' lang='lat' dir='ltr'>inter</span> <span class='ocrx_word' id='word_1_135' title='bbox 453 2124 605 2210; x_wconf 26' lang='lat' dir='ltr'>se‘haee:</span> <span class='ocrx_word' id='word_1_136' title='bbox 945 2133 948 2138; x_wconf 84' lang='lat'>&#39;</span> 
     </span>
    </p>

    <p class='ocr_par' dir='ltr' id='par_1_3' title="bbox 153 2227 1282 3238">
     <span class='ocr_line' id='line_1_19' title="bbox 248 2227 1280 2315; baseline -0.005 -19"><span class='ocrx_word' id='word_1_137' title='bbox 248 2233 289 2312; x_wconf 89' lang='grc'>1.,</span> <span class='ocrx_word' id='word_1_138' title='bbox 310 2228 497 2312; x_wconf 83' lang='lat' dir='ltr'>Hamilcar,</span> <span class='ocrx_word' id='word_1_139' title='bbox 523 2237 618 2315; x_wconf 87' lang='lat' dir='ltr'>pater</span> <span class='ocrx_word' id='word_1_140' title='bbox 640 2227 838 2296; x_wconf 87' lang='lat' dir='ltr'>Hannibalis</span> <span class='ocrx_word' id='word_1_141' title='bbox 864 2229 1030 2314; x_wconf 89' lang='lat' dir='ltr'>quomodo</span> <span class='ocrx_word' id='word_1_142' title='bbox 1056 2237 1207 2296; x_wconf 87' lang='lat' dir='ltr'>mortuus</span> <span class='ocrx_word' id='word_1_143' title='bbox 1235 2229 1280 2294; x_wconf 91' lang='lat' dir='ltr'>sit</span> 
     </span>
     <span class='ocr_line' id='line_1_20' title="bbox 161 2330 1278 2411; baseline -0.002 -15"><span class='ocrx_word' id='word_1_144' title='bbox 161 2331 281 2398; x_wconf 84' lang='lat' dir='ltr'>Livius</span> <span class='ocrx_word' id='word_1_145' title='bbox 303 2355 368 2398; x_wconf 89' lang='lat' dir='ltr'>uon</span> <span class='ocrx_word' id='word_1_146' title='bbox 389 2339 517 2411; x_wconf 84' lang='lat' dir='ltr'>narrat3</span> <span class='ocrx_word' id='word_1_147' title='bbox 544 2355 610 2398; x_wconf 92' lang='lat' dir='ltr'>non</span> <span class='ocrx_word' id='word_1_148' title='bbox 633 2332 718 2397; x_wconf 92' lang='lat' dir='ltr'>enim</span> <span class='ocrx_word' id='word_1_149' title='bbox 745 2331 786 2396; x_wconf 94' lang='lat' dir='ltr'>de</span> <span class='ocrx_word' id='word_1_150' title='bbox 808 2353 847 2398; x_wconf 88' lang='lat' dir='ltr'>ea</span> <span class='ocrx_word' id='word_1_151' title='bbox 867 2355 903 2398; x_wconf 88' lang='lat' dir='ltr'>re</span> <span class='ocrx_word' id='word_1_152' title='bbox 924 2331 1029 2397; x_wconf 86' lang='lat' dir='ltr'>tradit</span> <span class='ocrx_word' id='word_1_153' title='bbox 1049 2333 1115 2399; x_wconf 90' lang='lat' dir='ltr'>nisi</span> <span class='ocrx_word' id='word_1_154' title='bbox 1140 2330 1193 2398; x_wconf 86' lang='lat' dir='ltr'>his</span> <span class='ocrx_word' id='word_1_155' title='bbox 1218 2331 1278 2395; x_wconf 91' lang='lat' dir='ltr'>tri-</span> 
     </span>
     <span class='ocr_line' id='line_1_21' title="bbox 162 2434 1281 2522; baseline -0.002 -22"><span class='ocrx_word' id='word_1_156' title='bbox 162 2434 225 2500; x_wconf 90' lang='lat' dir='ltr'>bus</span> <span class='ocrx_word' id='word_1_157' title='bbox 251 2435 349 2500; x_wconf 84' lang='lat' dir='ltr'>locis:</span> <span class='ocrx_word' id='word_1_158' title='bbox 379 2438 425 2516; x_wconf 90' lang='grc'>1.,</span> <span class='ocrx_word' id='word_1_159' title='bbox 452 2434 509 2500; x_wconf 85' lang='grc'><strong>111).</strong></span> <span class='ocrx_word' id='word_1_160' title='bbox 539 2439 596 2519; x_wconf 80' lang='lat'>21,</span> <span class='ocrx_word' id='word_1_161' title='bbox 625 2439 669 2503; x_wconf 85' lang='lat' dir='ltr'>l.:</span> <span class='ocrx_word' id='word_1_162' title='bbox 696 2457 786 2500; x_wconf 91' lang='lat' dir='ltr'>mors</span> <span class='ocrx_word' id='word_1_163' title='bbox 807 2434 1007 2502; x_wconf 84' lang='lat' dir='ltr'>Hamilcaris</span> <span class='ocrx_word' id='word_1_164' title='bbox 1034 2442 1281 2522; x_wconf 87' lang='lat' dir='ltr'>peropportuna</span> 
     </span>
     <span class='ocr_line' id='line_1_22' title="bbox 153 2536 1279 2624; baseline -0.002 -22"><span class='ocrx_word' id='word_1_165' title='bbox 153 2547 197 2602; x_wconf 80' lang='lat' dir='ltr'>et</span> <span class='ocrx_word' id='word_1_166' title='bbox 222 2537 365 2624; x_wconf 86' lang='lat' dir='ltr'>pueritia</span> <span class='ocrx_word' id='word_1_167' title='bbox 392 2536 590 2603; x_wconf 86' lang='lat' dir='ltr'>Hannibalis</span> <span class='ocrx_word' id='word_1_168' title='bbox 617 2536 817 2604; x_wconf 70' lang='lat' dir='ltr'>distederunt</span> <span class='ocrx_word' id='word_1_169' title='bbox 844 2537 981 2617; x_wconf 83' lang='lat' dir='ltr'>bellum3</span> <span class='ocrx_word' id='word_1_170' title='bbox 1003 2543 1050 2622; x_wconf 81' lang='grc'>2.,</span> <span class='ocrx_word' id='word_1_171' title='bbox 1072 2538 1130 2603; x_wconf 87' lang='grc'><strong>111).</strong></span> <span class='ocrx_word' id='word_1_172' title='bbox 1152 2541 1210 2621; x_wconf 80' lang='grc'>21,</span> <span class='ocrx_word' id='word_1_173' title='bbox 1231 2541 1279 2605; x_wconf 68' lang='grc'>2.)</span> 
     </span>
     <span class='ocr_line' id='line_1_23' title="bbox 163 2639 1279 2726; baseline -0.002 -20"><span class='ocrx_word' id='word_1_174' title='bbox 163 2662 204 2706; x_wconf 93' lang='lat' dir='ltr'>ne</span> <span class='ocrx_word' id='word_1_175' title='bbox 226 2662 261 2706; x_wconf 92' lang='lat' dir='ltr'>se</span> <span class='ocrx_word' id='word_1_176' title='bbox 288 2661 420 2724; x_wconf 89' lang='lat' dir='ltr'>quoque</span> <span class='ocrx_word' id='word_1_177' title='bbox 442 2648 480 2705; x_wconf 89' lang='lat' dir='ltr'>ut</span> <span class='ocrx_word' id='word_1_178' title='bbox 505 2648 635 2726; x_wconf 90' lang='lat' dir='ltr'>patrem</span> <span class='ocrx_word' id='word_1_179' title='bbox 655 2639 930 2706; x_wconf 88' lang='lat' dir='ltr'>Hamilcarem—</span> <span class='ocrx_word' id='word_1_180' title='bbox 945 2649 1156 2706; x_wconf 85' lang='lat' dir='ltr'>cunctantem</span> <span class='ocrx_word' id='word_1_181' title='bbox 1182 2661 1279 2704; x_wconf 90' lang='lat' dir='ltr'>casus</span> 
     </span>
     <span class='ocr_line' id='line_1_24' title="bbox 163 2741 1280 2829; baseline 0 -21"><span class='ocrx_word' id='word_1_182' title='bbox 163 2743 283 2827; x_wconf 91' lang='lat' dir='ltr'>aliquis</span> <span class='ocrx_word' id='word_1_183' title='bbox 311 2742 527 2829; x_wconf 60' lang='lat' dir='ltr'>opprimerem</span> <span class='ocrx_word' id='word_1_184' title='bbox 554 2747 601 2827; x_wconf 89' lang='lat'>3.‚</span> <span class='ocrx_word' id='word_1_185' title='bbox 628 2741 686 2808; x_wconf 88' lang='lat' dir='ltr'>lib.</span> <span class='ocrx_word' id='word_1_186' title='bbox 713 2746 773 2826; x_wconf 80' lang='lat'>24,</span> <span class='ocrx_word' id='word_1_187' title='bbox 802 2746 871 2811; x_wconf 79' lang='lat'>41.=</span> <span class='ocrx_word' id='word_1_188' title='bbox 899 2741 942 2808; x_wconf 89' lang='lat' dir='ltr'>ad</span> <span class='ocrx_word' id='word_1_189' title='bbox 972 2741 1128 2810; x_wconf 83' lang='lat' dir='ltr'>Castrum</span> <span class='ocrx_word' id='word_1_190' title='bbox 1154 2743 1280 2808; x_wconf 88' lang='lat' dir='ltr'>Album</span> 
     </span>
     <span class='ocr_line' id='line_1_25' title="bbox 163 2843 1281 2932; baseline -0.003 -22"><span class='ocrx_word' id='word_1_191' title='bbox 163 2883 205 2894; x_wconf 88' lang='lat'><em>-</em></span> <span class='ocrx_word' id='word_1_192' title='bbox 227 2845 320 2912; x_wconf 92' lang='lat' dir='ltr'>locus</span> <span class='ocrx_word' id='word_1_193' title='bbox 348 2854 399 2912; x_wconf 91' lang='lat' dir='ltr'>est</span> <span class='ocrx_word' id='word_1_194' title='bbox 427 2845 566 2932; x_wconf 88' lang='lat' dir='ltr'>insignis</span> <span class='ocrx_word' id='word_1_195' title='bbox 594 2843 693 2910; x_wconf 88' lang='lat' dir='ltr'>caede</span> <span class='ocrx_word' id='word_1_196' title='bbox 721 2846 833 2931; x_wconf 90' lang='lat' dir='ltr'>magni</span> <span class='ocrx_word' id='word_1_197' title='bbox 854 2845 1054 2913; x_wconf 84' lang='lat' dir='ltr'>Hamilcaris</span> <span class='ocrx_word' id='word_1_198' title='bbox 1076 2883 1118 2894; x_wconf 91' lang='lat'>--</span> <span class='ocrx_word' id='word_1_199' title='bbox 1138 2844 1281 2910; x_wconf 85' lang='lat' dir='ltr'>Romani</span> 
     </span>
     <span class='ocr_line' id='line_1_26' title="bbox 164 2946 1281 3034; baseline 0 -22"><span class='ocrx_word' id='word_1_200' title='bbox 164 2956 275 3014; x_wconf 86' lang='lat' dir='ltr'>castra</span> <span class='ocrx_word' id='word_1_201' title='bbox 294 2946 447 3012; x_wconf 89' lang='lat' dir='ltr'>habuere.</span> <span class='ocrx_word' id='word_1_202' title='bbox 491 2947 619 3032; x_wconf 80' lang='lat' dir='ltr'>Neque¹</span> <span class='ocrx_word' id='word_1_203' title='bbox 637 2947 760 3012; x_wconf 88' lang='lat' dir='ltr'>mentio</span> <span class='ocrx_word' id='word_1_204' title='bbox 783 2957 835 3014; x_wconf 89' lang='lat' dir='ltr'>est</span> <span class='ocrx_word' id='word_1_205' title='bbox 856 2948 944 3014; x_wconf 83' lang='lat' dir='ltr'>faeta</span> <span class='ocrx_word' id='word_1_206' title='bbox 966 2947 1064 3034; x_wconf 89' lang='lat' dir='ltr'>hujus</span> <span class='ocrx_word' id='word_1_207' title='bbox 1086 2949 1134 3014; x_wconf 90' lang='lat' dir='ltr'>rei</span> <span class='ocrx_word' id='word_1_208' title='bbox 1156 2949 1189 3013; x_wconf 94' lang='lat' dir='ltr'>in</span> <span class='ocrx_word' id='word_1_209' title='bbox 1211 2948 1281 3034; x_wconf 91' lang='lat' dir='ltr'>epi-</span> 
     </span>
     <span class='ocr_line' id='line_1_27' title="bbox 163 3048 1282 3119; baseline -0.001 -4"><span class='ocrx_word' id='word_1_210' title='bbox 163 3051 263 3116; x_wconf 90' lang='lat' dir='ltr'>tomis</span> <span class='ocrx_word' id='word_1_211' title='bbox 284 3049 361 3115; x_wconf 90' lang='lat' dir='ltr'>libri</span> <span class='ocrx_word' id='word_1_212' title='bbox 382 3048 617 3117; x_wconf 89' lang='lat' dir='ltr'>undevicesimi</span> <span class='ocrx_word' id='word_1_213' title='bbox 641 3059 675 3116; x_wconf 90' lang='lat' dir='ltr'>et</span> <span class='ocrx_word' id='word_1_214' title='bbox 701 3049 859 3118; x_wconf 86' lang='lat' dir='ltr'>vicesimi.</span> <span class='ocrx_word' id='word_1_215' title='bbox 904 3050 1006 3119; x_wconf 91' lang='lat' dir='ltr'>Silius</span> <span class='ocrx_word' id='word_1_216' title='bbox 1034 3061 1145 3118; x_wconf 85' lang='lat' dir='ltr'>eutem</span> <span class='ocrx_word' id='word_1_217' title='bbox 1167 3059 1282 3116; x_wconf 88' lang='lat' dir='ltr'>narrat</span> 
     </span>
     <span class='ocr_line' id='line_1_28' title="bbox 163 3150 526 3238; baseline -0.003 -19"><span class='ocrx_word' id='word_1_218' title='bbox 163 3150 220 3219; x_wconf 90' lang='lat' dir='ltr'>lib.</span> <span class='ocrx_word' id='word_1_219' title='bbox 244 3153 273 3237; x_wconf 89' lang='lat' dir='ltr'>I,</span> <span class='ocrx_word' id='word_1_220' title='bbox 294 3177 326 3219; x_wconf 84' lang='grc' dir='ltr'>ν.</span> <span class='ocrx_word' id='word_1_221' title='bbox 351 3155 414 3222; x_wconf 85' lang='grc'>140</span> <span class='ocrx_word' id='word_1_222' title='bbox 439 3173 526 3238; x_wconf 89' lang='lat' dir='ltr'>sqq.:</span> 
     </span>
    </p>
   </div>
   <div class='ocr_carea' id='block_1_3' title="bbox 328 3272 1117 3606">
    <p class='ocr_par' dir='ltr' id='par_1_4' title="bbox 328 3272 1117 3606">
     <span class='ocr_line' id='line_1_29' title="bbox 329 3272 1099 3346; baseline 0 -17"><span class='ocrx_word' id='word_1_223' title='bbox 329 3272 376 3329; x_wconf 84' lang='lat' dir='ltr'>Sic</span> <span class='ocrx_word' id='word_1_224' title='bbox 399 3274 525 3328; x_wconf 87' lang='lat' dir='ltr'>clausum</span> <span class='ocrx_word' id='word_1_225' title='bbox 540 3273 670 3343; x_wconf 84' lang='lat' dir='ltr'>linquens</span> <span class='ocrx_word' id='word_1_226' title='bbox 687 3290 788 3330; x_wconf 73' lang='lat' dir='ltr'>moeno</span> <span class='ocrx_word' id='word_1_227' title='bbox 806 3277 921 3345; x_wconf 86' lang='lat' dir='ltr'>pectore</span> <span class='ocrx_word' id='word_1_228' title='bbox 938 3275 1051 3346; x_wconf 85' lang='lat' dir='ltr'>bellum,</span> <span class='ocrx_word' id='word_1_229' title='bbox 1095 3303 1099 3312; x_wconf 83' lang='lat'>·</span> 
     </span>
     <span class='ocr_line' id='line_1_30' title="bbox 328 3361 1115 3432; baseline 0.005 -16"><span class='ocrx_word' id='word_1_230' title='bbox 328 3363 424 3430; x_wconf 82' lang='lat' dir='ltr'>Atque</span> <span class='ocrx_word' id='word_1_231' title='bbox 441 3362 586 3418; x_wconf 88' lang='lat' dir='ltr'>hominum</span> <span class='ocrx_word' id='word_1_232' title='bbox 608 3361 692 3416; x_wconf 85' lang='lat' dir='ltr'>finem</span> <span class='ocrx_word' id='word_1_233' title='bbox 710 3361 801 3418; x_wconf 84' lang='lat' dir='ltr'>Gades</span> <span class='ocrx_word' id='word_1_234' title='bbox 820 3361 978 3431; x_wconf 85' lang='lat' dir='ltr'>Calpenque</span> <span class='ocrx_word' id='word_1_235' title='bbox 992 3367 1115 3432; x_wconf 36' lang='lat' dir='ltr'>*secutum</span> 
     </span>
     <span class='ocr_line' id='line_1_31' title="bbox 329 3447 1117 3520; baseline 0.001 -16"><span class='ocrx_word' id='word_1_236' title='bbox 329 3450 405 3504; x_wconf 88' lang='lat' dir='ltr'>Dum</span> <span class='ocrx_word' id='word_1_237' title='bbox 421 3448 478 3504; x_wconf 87' lang='lat' dir='ltr'>fert</span> <span class='ocrx_word' id='word_1_238' title='bbox 495 3447 640 3504; x_wconf 90' lang='lat' dir='ltr'>Herculeis</span> <span class='ocrx_word' id='word_1_239' title='bbox 658 3449 854 3506; x_wconf 82' lang='lat' dir='ltr'>Garamantica</span> <span class='ocrx_word' id='word_1_240' title='bbox 870 3451 951 3520; x_wconf 84' lang='lat' dir='ltr'>signa</span> <span class='ocrx_word' id='word_1_241' title='bbox 971 3451 1117 3520; x_wconf 86' lang='lat' dir='ltr'>columnis,</span> 
     </span>
     <span class='ocr_line' id='line_1_32' title="bbox 330 3536 983 3606; baseline 0.002 -16"><span class='ocrx_word' id='word_1_242' title='bbox 330 3536 467 3592; x_wconf 86' lang='lat' dir='ltr'>Occubuit</span> <span class='ocrx_word' id='word_1_243' title='bbox 484 3554 567 3592; x_wconf 83' lang='lat' dir='ltr'>saevo</span> <span class='ocrx_word' id='word_1_244' title='bbox 586 3537 684 3606; x_wconf 85' lang='lat' dir='ltr'>Tyrius</span> <span class='ocrx_word' id='word_1_245' title='bbox 703 3537 855 3592; x_wconf 86' lang='lat' dir='ltr'>certamine</span> <span class='ocrx_word' id='word_1_246' title='bbox 874 3537 983 3593; x_wconf 85' lang='lat' dir='ltr'>ductor.</span> 
     </span>
    </p>
   </div>
   <div class='ocr_carea' id='block_1_4' title="bbox 162 3656 1285 4261">
    <p class='ocr_par' dir='ltr' id='par_1_5' title="bbox 162 3656 1285 4261">
     <span class='ocr_line' id='line_1_33' title="bbox 165 3656 1280 3746; baseline 0 -24"><span class='ocrx_word' id='word_1_247' title='bbox 165 3656 219 3723; x_wconf 93' lang='lat' dir='ltr'>De</span> <span class='ocrx_word' id='word_1_248' title='bbox 240 3679 307 3743; x_wconf 88' lang='lat' dir='ltr'>qua</span> <span class='ocrx_word' id='word_1_249' title='bbox 328 3679 363 3723; x_wconf 92' lang='lat' dir='ltr'>re</span> <span class='ocrx_word' id='word_1_250' title='bbox 384 3658 552 3744; x_wconf 89' lang='lat' dir='ltr'>copiosius</span> <span class='ocrx_word' id='word_1_251' title='bbox 579 3656 683 3722; x_wconf 88' lang='lat' dir='ltr'>tradit</span> <span class='ocrx_word' id='word_1_252' title='bbox 709 3657 869 3746; x_wconf 88' lang='lat' dir='ltr'>Polybius</span> <span class='ocrx_word' id='word_1_253' title='bbox 884 3659 941 3724; x_wconf 89' lang='lat' dir='ltr'>lib.</span> <span class='ocrx_word' id='word_1_254' title='bbox 963 3665 995 3743; x_wconf 74' lang='lat'>2,</span> <span class='ocrx_word' id='word_1_255' title='bbox 1016 3683 1087 3745; x_wconf 88' lang='lat' dir='ltr'>cap.</span> <span class='ocrx_word' id='word_1_256' title='bbox 1113 3664 1142 3742; x_wconf 90' lang='lat' dir='ltr'>l,</span> <span class='ocrx_word' id='word_1_257' title='bbox 1164 3679 1234 3744; x_wconf 90' lang='lat' dir='ltr'>par.</span> <span class='ocrx_word' id='word_1_258' title='bbox 1250 3662 1280 3728; x_wconf 90' lang='lat'>5.</span> 
     </span>
     <span class='ocr_line' id='line_1_34' title="bbox 167 3760 1282 3848; baseline -0.002 -20"><span class='ocrx_word' id='word_1_259' title='bbox 167 3798 208 3808; x_wconf 91' lang='lat'>-</span> <span class='ocrx_word' id='word_1_260' title='bbox 230 3765 278 3844; x_wconf 88' lang='lat'>9.,</span> <span class='ocrx_word' id='word_1_261' title='bbox 307 3783 348 3825; x_wconf 85' lang='lat' dir='ltr'>ex</span> <span class='ocrx_word' id='word_1_262' title='bbox 379 3760 500 3845; x_wconf 91' lang='lat' dir='ltr'>quibus</span> <span class='ocrx_word' id='word_1_263' title='bbox 532 3760 751 3847; x_wconf 87' lang='lat' dir='ltr'>paragraphis</span> <span class='ocrx_word' id='word_1_264' title='bbox 783 3761 847 3827; x_wconf 88' lang='lat' dir='ltr'>hoo</span> <span class='ocrx_word' id='word_1_265' title='bbox 876 3761 1092 3848; x_wconf 82' lang='lat' dir='ltr'>exscripsisse</span> <span class='ocrx_word' id='word_1_266' title='bbox 1123 3760 1282 3835; x_wconf 83' lang='lat' dir='ltr'>sufficiat:</span> 
     </span>
     <span class='ocr_line' id='line_1_35' title="bbox 162 3855 1283 3949; baseline 0.004 -23"><span class='ocrx_word' id='word_1_267' title='bbox 162 3855 319 3949; x_wconf 77' lang='grc' dir='ltr'>Ἀμίλκας</span> <span class='ocrx_word' id='word_1_268' title='bbox 333 3911 434 3927; x_wconf 89' lang='grc'><strong>.....</strong></span> <span class='ocrx_word' id='word_1_269' title='bbox 456 3860 615 3946; x_wconf 84' lang='grc' dir='ltr'>ἀναλαβὼν</span> <span class='ocrx_word' id='word_1_270' title='bbox 635 3862 677 3930; x_wconf 88' lang='grc' dir='ltr'>τὰ</span> <span class='ocrx_word' id='word_1_271' title='bbox 699 3862 893 3948; x_wconf 80' lang='grc' dir='ltr'>στρατόπεδα</span> <span class='ocrx_word' id='word_1_272' title='bbox 913 3863 969 3930; x_wconf 82' lang='grc' dir='ltr'>καὶ</span> <span class='ocrx_word' id='word_1_273' title='bbox 990 3861 1042 3932; x_wconf 82' lang='grc' dir='ltr'>τὸν</span> <span class='ocrx_word' id='word_1_274' title='bbox 1063 3861 1126 3933; x_wconf 71' lang='lat' dir='ltr'>olba</span> <span class='ocrx_word' id='word_1_275' title='bbox 1147 3855 1283 3946; x_wconf 80' lang='grc' dir='ltr'>Ἀννίβαν</span> 
     </span>
     <span class='ocr_line' id='line_1_36' title="bbox 270 3962 1285 4055; baseline 0 -22"><span class='ocrx_word' id='word_1_276' title='bbox 270 3965 325 4032; x_wconf 83' lang='grc' dir='ltr'>καί</span> <span class='ocrx_word' id='word_1_277' title='bbox 353 3964 465 4048; x_wconf 83' lang='grc' dir='ltr'>διαβὰς</span> <span class='ocrx_word' id='word_1_278' title='bbox 493 3966 580 4032; x_wconf 83' lang='grc' dir='ltr'>κατὰ</span> <span class='ocrx_word' id='word_1_279' title='bbox 606 3964 665 4043; x_wconf 86' lang='grc' dir='ltr'>τὰς</span> <span class='ocrx_word' id='word_1_280' title='bbox 686 3962 888 4051; x_wconf 78' lang='grc' dir='ltr'>Ἡρακλείους</span> <span class='ocrx_word' id='word_1_281' title='bbox 918 3963 1035 4055; x_wconf 64' lang='lat' dir='ltr'>ottilo&lt;</span> <span class='ocrx_word' id='word_1_282' title='bbox 1061 3963 1212 4034; x_wconf 84' lang='grc' dir='ltr'><strong>ἀνεκτᾶτο</strong></span> <span class='ocrx_word' id='word_1_283' title='bbox 1243 3966 1285 4035; x_wconf 83' lang='grc' dir='ltr'>τὰ</span> 
     </span>
     <span class='ocr_line' id='line_1_37' title="bbox 166 4066 1284 4157; baseline 0.001 -20"><span class='ocrx_word' id='word_1_284' title='bbox 166 4066 254 4137; x_wconf 82' lang='grc' dir='ltr'>κατὰ</span> <span class='ocrx_word' id='word_1_285' title='bbox 272 4067 329 4156; x_wconf 71' lang='grc' dir='ltr'>τὴν</span> <span class='ocrx_word' id='word_1_286' title='bbox 345 4066 482 4157; x_wconf 83' lang='grc' dir='ltr'>Ἰβηρίαν</span> <span class='ocrx_word' id='word_1_287' title='bbox 502 4066 674 4156; x_wconf 85' lang='grc' dir='ltr'>πράγματα</span> <span class='ocrx_word' id='word_1_288' title='bbox 704 4076 769 4146; x_wconf 85' lang='grc' dir='ltr'>τοῖς</span> <span class='ocrx_word' id='word_1_289' title='bbox 790 4070 1057 4156; x_wconf 82' lang='grc' dir='ltr'>Καρχηδονίοις..</span> <span class='ocrx_word' id='word_1_290' title='bbox 1075 4119 1107 4135; x_wconf 93' lang='grc'>..</span> <span class='ocrx_word' id='word_1_291' title='bbox 1129 4069 1202 4157; x_wconf 84' lang='grc' dir='ltr'>πρδς</span> <span class='ocrx_word' id='word_1_292' title='bbox 1224 4069 1284 4157; x_wconf 87' lang='grc' dir='ltr'>γὰρ</span> 
     </span>
     <span class='ocr_line' id='line_1_38' title="bbox 165 4167 1285 4261; baseline 0.001 -22"><span class='ocrx_word' id='word_1_293' title='bbox 165 4167 237 4250; x_wconf 71' lang='grc' dir='ltr'>τοὺς</span> <span class='ocrx_word' id='word_1_294' title='bbox 265 4169 528 4260; x_wconf 82' lang='grc' dir='ltr'>ἀνδρωδεστάτους</span> <span class='ocrx_word' id='word_1_295' title='bbox 555 4171 610 4239; x_wconf 84' lang='grc' dir='ltr'>καί</span> <span class='ocrx_word' id='word_1_296' title='bbox 634 4172 781 4258; x_wconf 67' lang='grc' dir='ltr'>μεγίστην</span> <span class='ocrx_word' id='word_1_297' title='bbox 814 4169 940 4260; x_wconf 78' lang='grc' dir='ltr'>δύναμιν</span> <span class='ocrx_word' id='word_1_298' title='bbox 971 4175 1098 4260; x_wconf 80' lang='grc' dir='ltr'>ἔχοντας</span> <span class='ocrx_word' id='word_1_299' title='bbox 1122 4197 1285 4261; x_wconf 84' lang='grc' dir='ltr'>παρατατ-</span> 
     </span>
    </p>
   </div>
   <div class='ocr_carea' id='block_1_5' title="bbox 0 0 1561 4880">
    <p class='ocr_par' dir='ltr' id='par_1_6' title="bbox 0 0 1561 4880">
     <span class='ocr_line' id='line_1_39' title="bbox 0 0 1561 4880; baseline 0 0"><span class='ocrx_word' id='word_1_300' title='bbox 0 0 1561 4880; x_wconf 95' lang='lat' dir='ltr'> </span> 
     </span>
    </p>
   </div>
  </div>
 </body>
</html>
