3096 4880
696 317 758 382 103

174 525 243 589 cap.
276 507 344 572 20³
378 526 453 582 nam
485 500 571 566 idem
598 502 682 565 velle
710 509 808 585 atque
840 498 926 564 idem
955 501 1057 584 nolle,
1091 523 1129 564 ea
1156 499 1285 564 demum

173 607 264 671 firma
286 605 431 670 amicitia
453 614 511 670 est.

255 710 320 774 His
348 709 396 772 ita
423 708 630 794 perlustratis
659 709 727 792 jam
754 730 792 772 eo
821 706 1027 792 pervenimus
1059 715 1098 770 ut
1126 705 1286 791 judicium

171 821 319 877 nostrum
342 810 383 874 de
405 809 488 877 Silio
511 813 646 894 ejusque
667 809 814 874 fontibus
837 810 1005 875 faciamus.

255 916 308 978 Ac
341 913 481 999 primum
515 911 646 996 quidem
679 910 888 977 statuendum
920 920 971 977 est
1003 910 1120 978 Silium
1152 909 1286 975 doctum

170 1017 273 1081 fuisse
295 1025 435 1102 poetam.
480 1015 547 1079 Hic
569 1016 653 1078 enim
675 1039 741 1078 non
765 1015 870 1080 solum
885 1016 1043 1100 plurimos
1067 1013 1184 1077 aetatis
1208 1033 1287 1076 suae

170 1128 286 1204 poetas
314 1127 347 1182 et
373 1117 534 1205 pedestris
563 1118 720 1183 orationis
748 1118 925 1203 scriptores
948 1116 995 1180 ita
1017 1118 1155 1202 legerat,
1188 1123 1286 1178 ntea

145 1244 254 1304 ·quae
283 1221 390 1286 animo
419 1220 678 1285 obversabantur
706 1243 746 1284 ex
773 1218 907 1286 assidua
934 1241 1045 1284 eorum
1067 1219 1205 1282 lectione
1228 1226 1286 1282 aut

170 1322 211 1387 de
238 1322 400 1389 industria
432 1332 489 1388 aut
516 1322 639 1387 invitus
666 1322 699 1386 in
727 1346 822 1386 suum
849 1345 945 1386 usum
974 1329 1192 1404 converteret,
1228 1318 1285 1384 sed

170 1427 268 1490 etiam
295 1426 496 1512 antiquiores
528 1434 660 1511 poetas:
692 1424 852 1508 Ennium,
886 1425 1095 1507 Lucretium,
1127 1423 1286 1488 meditato

170 1528 281 1593 studio
314 1530 462 1594 imitatus
488 1536 548 1592 est.
592 1528 633 1592 In
660 1526 832 1592 narrandis
865 1527 962 1592 rebus
995 1527 1097 1613 gestis
1126 1535 1224 1612 atque
1252 1528 1286 1592 in

169 1653 278 1694 rerum
305 1639 472 1718 gestarum
500 1629 716 1715 dispositione
743 1629 831 1692 Livii
856 1629 1007 1715 vestigiis
1034 1629 1201 1714 ingressus
1224 1638 1285 1713 est,

172 1757 269 1818 quem
291 1758 357 1798 non
384 1756 458 1796 raro
485 1732 519 1795 in
545 1732 643 1797 rebus
670 1732 899 1796 minutissimis
927 1731 1090 1815 sequitur3
1116 1740 1286 1816 praeterea

169 1845 279 1900 autern
302 1834 344 1900 ad
366 1833 504 1898 Enniam
526 1834 733 1920 potissimum
757 1857 791 1898 se
813 1835 1006 1919 applicavit,
1034 1835 1107 1918 qui,
1136 1835 1285 1919 quamvis

168 1947 278 2024 poeta,
294 1946 402 2002 tamen
416 1937 512 2001 laude
523 1936 599 2000 fidei
613 1936 790 2002 historicae
806 1935 1060 2022 haudquaquam
1076 1945 1178 2016 curet3
1195 1936 1286 2002 deni-

169 2063 232 2125 que
255 2041 289 2104 in
311 2038 482 2105 narrandis
503 2040 601 2104 rebus
628 2041 732 2125 gestis
753 2039 916 2125 Polybium
937 2049 970 2104 et
996 2037 1170 2104 &aaronem
1193 2063 1285 2105 secu-

168 2151 224 2208 tus
247 2151 307 2208 est.
344 2143 462 2228 Neque
477 2151 584 2206 tamen
599 2142 656 2206 ubi
671 2133 732 2207 hos
749 2143 926 2228 scriptores
948 2143 1093 2228 neglexit
1115 2151 1148 2206 et
1170 2151 1285 2208 contra

169 2269 282 2310 eorum
304 2246 532 2310 auctoritatem
554 2267 606 2310 res
629 2245 724 2310 aliter
739 2246 884 2309 narravit
898 2239 962 2309 hoc
978 2253 1112 2331 propter
1131 2245 1285 2331 ignoran-

167 2350 249 2412 tiam
271 2357 328 2412 aut
356 2347 560 2412 inscientiam
586 2349 680 2432 fecit,
710 2347 767 2412 sed
796 2371 833 2413 eo
861 2347 998 2411 consilio
1027 2357 1084 2411 aut
1112 2357 1150 2412 ut
1171 2373 1285 2413 narra-

167 2453 291 2515 tionem
319 2450 477 2516 Romanis
505 2449 729 2516 secundiorem
757 2451 893 2532 faceret,
917 2449 1020 2513 —de
1048 2473 1114 2534 qua
1140 2473 1175 2514 re
1208 2473 1285 2514 oon-

166 2555 314 2619 ferantur
336 2563 465 2639 praeter
487 2554 608 2618 multos
625 2553 707 2618 alios
723 2554 813 2618 locos
836 2575 875 2616 ea
897 2573 981 2636 quae
1005 2575 1105 2637 supra
1130 2574 1205 2638 pag.
1233 2558 1283 2621 73.

168 2657 311 2721 diximus
339 2655 379 2720 de
407 2654 506 2719 caede
533 2656 687 2722 Flaminii
716 2655 773 2720 ubi
803 2656 951 2741 neglecto
980 2655 1079 2719 Livio
1108 2654 1284 2743 Polybium

143 2745 147 2754 ’
168 2767 300 2824 secutus
323 2766 373 2822 est
394 2797 437 2804 -
459 2767 516 2822 aut
537 2767 575 2821 ut
597 2780 726 2822 carmen
749 2781 843 2822 suum
859 2767 977 2822 ornatu
996 2756 1139 2842 quodam
1154 2760 1284 2844 poetico

167 2861 274 2946 magis
302 2869 489 2944 exornaret,
523 2869 671 2946 augeret,
706 2860 929 2945 amplificaret.
973 2860 1169 2945 Plerumque
1198 2861 1284 2925 enim

74 3021 79 3034 .
169 2988 240 3029 eam
262 2963 482 3027 narrationem
504 2963 537 3026 in
560 2986 654 3028 suurn
677 2985 773 3028 usum
796 2965 974 3047 convertit,
997 2986 1095 3047 quam
1118 2962 1284 3028 coloribus

167 3066 307 3154 poeticis
335 3067 441 3151 magis
469 3066 579 3152 potuit
607 3088 775 3130 exornare.
827 3063 930 3150 Cujus
958 3065 1006 3129 rei
1031 3075 1068 3128 ut
1096 3088 1196 3129 unum
1222 3089 1283 3152 pro

167 3170 281 3234 multis
304 3169 486 3254 exemplum
508 3167 651 3251 afferam,
673 3176 771 3253 poeta
791 3168 847 3231 lib.
867 3174 915 3235 12.
939 3192 969 3231 v.
986 3171 1174 3236 603.-663.
1190 3191 1284 3233 exor-

167 3275 260 3338 navit
287 3272 458 3336 Dictaeum
492 3270 744 3357 descriptionem
773 3271 981 3356 tempestatis
1014 3293 1080 3355 qua
1111 3271 1282 3355 proelium,

168 3398 242 3440 cum
257 3374 425 3440 Hannibal
439 3373 577 3439 Romam
600 3372 706 3457 ipsam
728 3394 915 3458 expugnare
937 3373 1045 3456 vellet,
1067 3374 1118 3439 bis
1141 3373 1284 3459 diremp-

168 3487 239 3542 tum
265 3486 329 3556 est3
363 3479 457 3562 cujus
483 3486 593 3541 tamen
624 3476 830 3562 tempestatis
858 3475 1018 3563 Polybius
1051 3476 1174 3540 nullam
1205 3475 1285 3539 fecit

168 3581 373 3643 mentionem.
419 3576 543 3643 Contra
571 3578 734 3664 Polybium
762 3587 893 3660 secutus
926 3587 977 3644 est
1003 3579 1037 3641 in
1070 3567 1284 3642 describenda

169 3680 268 3745 caede
295 3689 328 3744 et
354 3681 554 3746 Hamilcaris
580 3691 614 3744 et
640 3680 875 3764 Hasdrubalis,
904 3681 982 3765 quia
1009 3703 1046 3743 ea
1068 3703 1151 3764 quae
1174 3680 1284 3744 Liuias

167 3781 349 3846 tradiderat
376 3806 442 3846 non
469 3782 683 3847 sufficiebant.
728 3784 847 3867 Itaque
868 3805 1066 3867 quamquam
1089 3805 1223 3868 perraro
1246 3784 1284 3848 fit

168 3893 342 3949 utcontra
369 3887 506 3948 omnium
533 3885 730 3971 scriptorum
757 3885 986 3948 auctoritatem
1009 3907 1061 3950 res
1083 3885 1186 3971 fingat
1208 3909 1282 3950 eum

167 3990 201 4052 in
235 3987 332 4052 rebus
365 3987 531 4051 historicis
565 4009 700 4071 prorsus
735 3986 827 4070 sequi
859 4010 925 4050 non
958 4010 1148 4073 possumus;
1182 3989 1282 4053 nolim

168 4101 277 4156 autern
310 4112 437 4155 ornnem
469 4087 600 4152 laudem
632 4086 708 4152 fidei
734 4087 911 4152 historicae
940 4089 970 4153 ei
1003 4088 1176 4177 derogare,
1210 4113 1283 4154 cum

168 4215 410 4277 nonnumquam
433 4190 496 4258 etsi
519 4215 538 4254 a
560 4190 657 4255 Livio
674 4191 879 4278 Polybioque
895 4189 1048 4258 dissentit
1071 4194 1153 4260 alios
1175 4205 1283 4258 tamen
