3096 4880
229 433 230 436 ’
344 431 445 489 Silius.
915 435 1041 491 Ovidius.
1147 477 1152 491 .

114 574 173 626 Ter
199 576 314 628 eentum
338 573 437 628 domus
460 573 529 627 haec
551 572 654 628 Fabios

150 661 295 716 armavit.
310 702 336 715 ..
712 679 746 716 ex
764 661 855 718 Ponto
874 663 921 718 lib.
940 665 966 718 3.
985 665 1055 733 eleg.
1073 666 1098 720 3.
1116 681 1187 734 quae

710 749 746 805 ad
764 750 883 807 Fabium
893 751 1048 832 Maximym
1066 753 1170 822 scripta
1189 757 1242 822 est,

372 905 376 914 θ
744 855 770 892 v.
794 840 841 894 99:
872 840 968 894 nobile
991 843 1111 908 namque

113 929 138 981 8.
159 927 224 980 217.
244 924 406 993 Tirynthius
417 924 503 994 ,heros
522 924 549 990 (i.
563 941 586 979 e.
599 924 650 979 Fa·
708 925 816 994 Pectus,
835 930 864 981 et
883 926 1033 983 Herculeae
1055 927 1242 996 simplicitatis

151 1013 219 1067 bius
240 1011 407 1081 Cunctator.)
744 1005 838 1066 habes.

114 1103 139 1155 7.
159 1103 211 1158 35:
232 1100 378 1168 Tirynthia
395 1117 464 1169 gens
483 1103 532 1154 est.

115 1192 141 1245 7.
161 1191 209 1244 43.
234 1189 399 1258 privataque
422 1190 512 1242 castra
534 1187 652 1243 Penates

151 1276 288 1330 Herculei
305 1275 469 1345 implevere:
488 1314 534 1329 ...

115 1366 140 1419 3.
161 1364 226 1418 314.
240 1361 328 1418 Fama
339 1363 429 1431 docet,
447 1379 543 1418 caesae
560 1363 654 1432 rapuit
710 1363 825 1419 Metam.
851 1365 876 1418 4.
904 1365 970 1420 616:
1003 1365 1127 1436 Cumque
1157 1384 1240 1437 super

151 1469 220 1505 cum
247 1450 383 1522 Gorgonis
406 1467 455 1504 ora
476 1450 603 1520 Perseus,
623 1450 653 1505 in
712 1451 830 1520 Libycas
855 1451 947 1507 victor
968 1453 1105 1522 penderet
1133 1453 1240 1524 arenas,

149 1538 274 1607 Libyam
283 1537 653 1606 dirumfluxisseoruorem5
711 1537 851 1610 Gorgonei
875 1538 974 1608 capitis
998 1544 1094 1611 guttae
1116 1541 1241 1598 cecidere

114 1626 187 1682 Inde
205 1625 365 1682 Medusaeis
382 1629 487 1682 terram
499 1625 654 1681 exundasse
746 1629 889 1680 cruentae:

153 1712 307 1784 chelydris.
711 1713 784 1782 Quas
801 1714 900 1768 humus
918 1719 1048 1782 exceptas
1072 1716 1165 1770 varios
1183 1718 1241 1770 ani-

746 1802 833 1855 mavit
850 1802 881 1855 in
897 1818 1012 1870 anguem

206 2081 338 2148 Versus
357 2078 435 2142 libri
458 2079 589 2165 septimi
610 2082 680 2147 173.
703 2088 735 2144 et
757 2080 814 2165 qui
835 2089 1017 2165 sequuntur
1036 2079 1077 2146 de
1095 2081 1240 2166 Baccho,

117 2184 300 2250 Falernum
323 2204 447 2265 senem,
474 2203 580 2267 aquo
608 2182 745 2246 comiter
766 2192 837 2247 erat
858 2191 1025 2269 receptus,
1050 2183 1118 2248 vini
1144 2205 1240 2249 usum

120 2287 274 2368 docente,
298 2285 419 2366 similes
442 2278 513 2350 esse
534 2284 600 2349 illis
623 2284 705 2350 locis
722 2282 838 2350 Ovidii
860 2284 900 2350 de
913 2283 1061 2351 Baucide
1084 2294 1116 2350 et
1130 2285 1240 2350 Phile·

118 2413 218 2454 mone
242 2387 378 2453 Metam.
409 2392 444 2470 8,
471 2411 501 2450 v.
525 2391 587 2454 626
610 2407 699 2471 sqq.,
722 2396 754 2451 et
776 2386 816 2450 de
837 2387 963 2475 Hyrieo
988 2410 1073 2471 sene,
1096 2387 1187 2454 Fast.
1210 2391 1240 2472 b,

113 2491 194 2561 ⁸505.
219 2491 277 2575 qui
299 2489 378 2555 deos
401 2511 532 2574 quoque
551 2491 713 2575 recepisse
728 2488 892 2574 dicuntur,
916 2491 1097 2576 apparebit,
1120 2491 1149 2556 si
1164 2514 1241 2556 con·

119 2595 239 2660 tuleris
261 2593 357 2658 haec:

342 2765 453 2821 aazias:
683 2761 686 2782 '
915 2765 1041 2822 Ovidius,

122 2910 147 2963 7.
176 2909 238 2963 173.
264 2905 324 2960 Nec
350 2905 471 2975 pigitum
498 2922 653 2977 parvosque
713 2905 786 2960 Fast.
805 2907 830 2960 5.
850 2907 924 2962 505.·

157 2997 233 3052 lares
250 2992 419 3062 humilisque
437 2993 531 3048 subire
712 2991 797 3047 Tecta
816 2993 890 3046 senis
910 2993 1030 3049 subeunt
1048 2993 1127 3064 nigro
1150 2992 1241 3048 detor·

122 3085 237 3138 Limina
266 3082 426 3138 caelicolam
454 3082 530 3136 tecti.
557 3098 655 3151 cepere
747 3081 805 3133 mia
822 3079 906 3134 fumo.

158 3173 303 3228 volentem
851 3181 858 3192 ’

124 3259 241 3314 Fumosi
258 3263 363 3330 postes.
1129 3297 1131 3302 .

123 3348 185 3402 177.
206 3347 256 3402 sed
274 3347 348 3401 enim
366 3345 401 3400 de
418 3361 496 3400 more
508 3348 655 3414 parentum
713 3341 780 3398 Met.
799 3345 823 3397 8.
843 3343 907 3398 677:
931 3361 1016 3413 super
1039 3343 1132 3398 omnia
1149 3345 1242 3398 vultus

124 3432 212 3489 Grato
236 3435 365 3489 cursabat
388 3432 495 3502 studio,
521 3431 655 3488 instabat·
712 3430 862 3513 Accessere
886 3432 969 3485 boni:
998 3448 1050 3486 neo
1073 3431 1148 3484 iners
1176 3448 1242 3501 pau·

161 3539 216 3590 que
234 3527 369 3590 senectae,
748 3536 854 3588 perque
872 3521 1009 3574 voluntas.

124 3610 186 3664 179.
199 3608 295 3664 Donec
306 3624 373 3677 opes
390 3607 475 3662 festas
486 3608 563 3676 puris
582 3623 655 3662 nunc
714 3607 781 3662 Met.
802 3609 827 3662 8.
852 3608 911 3663 674.
929 3607 976 3662 hic
994 3623 1063 3675 nux,
1087 3604 1134 3658 hic
1155 3604 1243 3658 mixta

160 3713 246 3765 poma
264 3694 392 3750 canistris
749 3699 792 3750 est
809 3695 919 3763 rugosis
938 3695 1027 3749 carica
1044 3690 1155 3762 palmis,

127 3783 304 3854 Composuit,
335 3799 407 3835 nunc
434 3781 555 3850 irriguus
583 3783 654 3838 citus
714 3783 874 3851 Prunaque‚
897 3783 926 3836 et
947 3780 977 3833 in
1000 3777 1101 3850 patulis
1119 3778 1243 3833 redolen-

162 3871 263 3925 extulit
280 3868 369 3923 hortis
749 3870 789 3922 tia
806 3869 880 3922 mala
897 3867 1035 3936 canistris,

127 3957 265 4013 Rorantes
277 3957 393 4010 humore
406 3954 499 4027 dapes.
513 3959 573 4011 tum
584 3957 657 4012 lacte
714 3957 753 4011 Et
771 3956 805 4010 de
823 3954 970 4026 purpureis
988 3953 1121 4010 collectae
1138 3953 1243 4010 vitibus

161 4046 285 4116 favisque
751 4060 830 4096 uvae.

129 4131 265 4190 Distinxit
283 4133 377 4206 dulces
396 4132 491 4202 epulas
717 4129 856 4187 Candidus
873 4131 903 4185 in
921 4129 1013 4186 modio
1031 4129 1110 4188 favus
1129 4135 1179 4186 est.
