3096 4880
663 275 705 341 25

124 461 287 546 quomodo
308 462 389 528 haec
416 460 477 525 dea
499 461 533 524 in
561 460 627 525 illis
657 460 715 544 qui
744 459 940 524 antecedunt
964 460 1059 527 libris
1086 461 1162 526 licta
1184 461 1238 528 sit.

125 565 216 630 Haec
248 565 333 629 enim
365 563 592 629 inimicissima
623 562 790 648 quondam
821 563 991 648 Trojanis,
1023 585 1097 628 cum
1129 564 1241 630 videat

124 667 287 733 Romanos
322 690 364 731 ex
390 667 493 751 stirpe
521 665 666 750 Trojana
699 664 856 730 oriundos
883 665 1001 751 opibus
1027 669 1241 753 potentiaque

109 765 110 768 ¹
122 774 186 856 jam
208 771 354 835 valentes
377 769 520 834 aemulos
544 765 863 853 Carthaginiensium
885 768 1062 852 aliquando
1085 793 1242 836 evasuros

126 897 205 957 esse,
228 872 414 938 Poenorum
441 872 567 936 animos
595 869 738 935 bellandi
765 871 876 935 furore
903 855 1094 936 exstimulat
1114 873 1186 957 (lib.
1212 881 1242 958 1,

124 999 171 1040 vs.
184 976 348 1059 29-33.).
371 974 489 1058 Itaque
504 973 725 1038 Hannibalem
738 972 781 1039 ad
795 972 916 1038 bellum
930 973 1110 1039 inflammat
1124 975 1196 1060 (lib.
1215 982 1245 1060 l,

126 1103 155 1142 v.
177 1080 262 1163 63.);
285 1085 355 1140 tum
369 1075 588 1160 Tissiphonen
607 1075 650 1139 ab
671 1075 784 1141 inferis
806 1083 922 1140 evocat
942 1098 1026 1161 quae
1042 1075 1244 1164 Saguntinos

126 1179 348 1246 Romanorum
389 1179 497 1246 socios
538 1177 581 1243 ad
616 1177 877 1264 desperationem
912 1178 1101 1264 rabiemque
1136 1189 1246 1245 vertat

127 1282 199 1366 (lib.
222 1287 253 1366 2,
274 1307 306 1349 v.
329 1283 434 1368 526.);
458 1279 575 1345 deinde
598 1305 617 1346 a
638 1280 760 1346 Trebia
774 1280 906 1350 flumine
927 1281 1011 1368 petit
1026 1281 1245 1349 ut'Romanos

130 1384 224 1450 undis
245 1384 363 1471 perdat
383 1384 456 1470 (lib.
473 1387 504 1467 4,
518 1409 550 1449 v.
566 1385 668 1470 574),
684 1383 819 1467 suisque
832 1381 1130 1452 machinationibus
1145 1385 1247 1450 efficit

128 1496 165 1550 ut
186 1486 367 1552 Flaminius
383 1487 436 1550 vir
455 1487 649 1552 temerarius
675 1509 714 1550 ac
736 1486 991 1572 superbissimus
1012 1486 1137 1553 Romae
1160 1485 1250 1553 Con·

130 1589 180 1654 sul
201 1598 329 1654 creetur
343 1589 416 1675 (lib.
431 1593 464 1672 4,
479 1591 580 1676 709.)
624 1587 783 1673 Sequitur
804 1597 842 1651 ut
863 1589 898 1652 in
917 1611 1038 1654 numen
1055 1590 1249 1656 Trasumcni

24 1745 25 1752 ,
128 1692 218 1759 lacus
233 1713 391 1758 conversa
405 1690 586 1756 Hannibali
607 1691 642 1753 in
664 1712 777 1755 somno
800 1698 956 1776 appareat
978 1713 1116 1775 eumque
1137 1692 1249 1758 horte-

128 1805 192 1879 tur,
214 1804 253 1860 ut
273 1819 361 1860 nova
387 1816 500 1880 pugna
521 1794 632 1858 vinoat
653 1791 819 1859 Romanos
847 1791 920 1877 (lib.
942 1796 974 1877 4,
995 1817 1027 1857 v.
1051 1798 1154 1878 722.);
1177 1803 1249 1860 tum

128 1897 199 1964 sola
220 1897 356 1962 deorum
377 1897 412 1960 in
427 1895 602 1981 Apennino
618 1894 735 1962 sedens
757 1895 871 1963 oculos
886 1895 993 1981 pascit
1014 1895 1114 1960 caede
1127 1896 1250 1964 Roma-2

129 2023 247 2064 norum
269 2000 316 2084 (5.
338 2001 445 2085 206.);
468 2022 567 2084 porro
589 1996 713 2062 Romae
729 2006 917 2064 senatorum
936 1999 1062 2065 animos
1077 2001 1252 2086 perturbat

126 2079 254 2186 leosque
281 2101 420 2186 impellit
446 2112 485 2166 ut
511 2100 649 2168 consilia
674 2100 873 2186 reipublicae
900 2102 1086 2187 perniciosa
1118 2103 1252 2188 capiant

132 2205 205 2289 (lib.
229 2210 260 2287 7,
280 2229 313 2269 r.
335 2206 440 2289 511.);
463 2203 604 2289 denique
625 2203 726 2267 efficit
747 2213 785 2267 ut
807 2204 934 2270 Aeolus
949 2205 1151 2272 Volturnum
1173 2229 1252 2271 vena

132 2316 204 2371 tum
225 2306 383 2373 Romanis
405 2307 562 2372 immittat
585 2307 626 2372 ab
648 2328 753 2391 eoque
781 2306 866 2392 petit
887 2314 925 2370 ut
946 2305 1065 2393 perdat
1085 2307 1252 2376 Romanos

132 2409 206 2494 (lib.
230 2413 261 2493 9,
282 2434 314 2474 v.
335 2412 437 2496 494).
480 2410 547 2476 His
574 2410 678 2494 igitur
700 2409 851 2475 omnibus
877 2408 959 2474 locis
981 2409 1072 2475 Juno
1094 2410 1253 2478 Romanis

133 2535 267 2598 quoquo
294 2512 391 2578 modo
418 2521 516 2579 nocet
543 2512 854 2597 infestissimumque
882 2533 918 2577 se
944 2511 992 2580 eis
1019 2513 1163 2599 praebet.
1213 2516 1254 2580 In

134 2615 262 2701 reliqua
287 2625 397 2683 autem
430 2615 583 2681 carminis
610 2623 705 2701 parte
727 2638 765 2679 ea
787 2615 835 2678 ita
867 2614 1003 2701 fingitur
1025 2624 1063 2679 ut
1094 2639 1254 2683 nonnum-

135 2740 235 2802 quam
255 2741 316 2805 pro
336 2718 494 2785 Romanis
523 2740 619 2804 agere
641 2716 809 2801 videatur,
831 2739 1075 2801 nonnumquam
1097 2741 1149 2788 res
1174 2717 1255 2785 Oar-

136 2819 358 2906 thaginienses
373 2844 509 2907 prorsus
529 2821 691 2906 negligat3
714 2844 780 2884 nou
801 2820 887 2885 enim
901 2819 1070 2886 inducitur
1083 2821 1149 2888 nisi
1162 2822 1256 2888 Han-

137 2922 239 2987 nibali
262 2923 324 2990 soli
339 2925 560 3010 patrocinans.
605 2920 765 2988 Oonferas
779 2923 866 2988 cnim
880 2923 972 2988 locos
994 2923 1052 3008 qui
1074 2935 1257 3009 sequuntur

137 3025 194 3090 lib.
220 3031 271 3110 10,
285 3051 316 3091 v.
332 3030 396 3110 42,
419 3026 476 3092 ubi
498 3026 652 3091 Paullum
674 3025 731 3110 qui
746 3024 967 3090 Hannibalem
981 3024 1159 3116 investigat
1171 3027 1258 3094 'hor-

137 3138 229 3194 tatur
250 3137 288 3194 ut
310 3153 328 3194 e
350 3152 461 3216 pugna
483 3128 594 3208 abeat3
617 3151 693 3194 nam
715 3128 762 3212 (v.
785 3115 870 3214 50.)ο
1106 3117 1109 3123 ’

396 3251 420 3306 si
438 3254 565 3321 superest
583 3250 694 3304 Paullus
713 3252 819 3304 restant
835 3247 940 3314 Aeneia
959 3265 1056 3319 regna,

291 3338 340 3392 Sin
357 3357 445 3407 secus,
463 3338 616 3393 Ausoniam
633 3341 726 3392 tecum
743 3337 832 3390 trahis
845 3378 937 3392 .....

292 3466 421 3482 .......
439 3425 521 3482 Latio
540 3443 603 3497 spes
620 3427 704 3479 unica
721 3425 827 3480 consul.

140 3531 224 3617 Ejus
256 3539 366 3596 tamen
397 3532 543 3598 furorem
575 3553 650 3595 oum
683 3529 797 3596 sedare
829 3554 896 3595 non
928 3532 1035 3617 possit
1061 3532 1095 3596 in
1121 3533 1260 3597 formam

142 3632 297 3700 Gelestae
318 3633 433 3700 Mauri
453 3633 572 3698 iterum
595 3655 753 3700 conversa
776 3633 843 3718 (10.
867 3635 936 3719 83.)
957 3634 1035 3698 ficta
1057 3632 1205 3700 oratione
1221 3635 1262 3702 de

141 3734 278 3802 horrida
304 3734 403 3800 caede
428 3758 528 3819 quam
552 3736 690 3800 Paullus
717 3735 760 3800 ad
781 3737 872 3822 ripas
894 3735 1010 3801 Aufidi
1036 3734 1113 3800 edat
1134 3736 1263 3803 Hanni-

142 3840 250 3904 balem
266 3837 438 3903 abitinere
456 3837 595 3902 Romam
614 3838 763 3903 faciendo
780 3839 910 3928 retinet,
931 3847 1030 3921 atque
1046 3859 1119 3902 cum
1134 3841 1163 3904 is
1178 3841 1263 3906 nihi·

142 3943 284 4008 losecius
309 3940 448 4005 Romam
473 3939 702 4026 proficiscatur
728 3948 760 4004 et
789 3950 864 4005 ante
886 3940 991 4007 Urbis
1013 3950 1127 4028 portas
1152 3953 1263 4010 castra

143 4053 256 4131 ponat,
270 4044 303 4108 in
321 4043 395 4129 ipsa
410 4065 470 4110 sua
492 4043 597 4107 forma
618 4043 648 4106 ei
669 4051 807 4128 apparet
827 4044 894 4127 (12.
905 4046 994 4129 701.)
1009 4044 1182 4131 visumque
1192 4051 1263 4133 ejus

144 4148 233 4212 acuit
243 4156 281 4211 ut
293 4146 372 4213 deos
385 4169 445 4233 pro
457 4145 614 4212 Romanis
625 4154 820 4232 pugnantes,
832 4146 890 4232 qui
901 4147 1001 4215 colles
1007 4146 1131 4214 Romae
1142 4173 1265 4215 arcem-
