3096 4880
714 277 829 373 ,ιι

247 462 488 550 contemptione
511 461 670 544 cumulat,
699 462 783 527 libro
813 471 922 526 tamen
949 461 1071 548 primo,
1094 461 1215 546 inquo
1238 470 1276 526 ut
1299 461 1368 547 ejus

245 567 350 653 ipsius
372 566 481 662 verbis
504 573 580 630 utar
602 563 698 649 „Silii
720 556 831 630 Italici
859 565 949 629 furta
968 563 1177 652 deteguntur,
1199 564 1369 651 Vergilius

246 668 434 734 vindicatur
461 677 494 732 et
521 667 623 734 Silius
651 691 670 732 a
696 676 868 754 poetarum
906 666 1108 753 Imperatore
1135 668 1169 732 in
1201 666 1369 754 triumpho

247 772 412 855 ducitur“,
434 779 486 835 tot
508 772 573 836 loci
595 771 769 855 utriusque
785 778 901 855 poetae
917 769 1047 834 collecti
1068 779 1102 834 et
1123 770 1208 834 inter
1231 792 1266 837 se
1281 791 1373 834 com·

209 927 220 946 ,.
246 875 355 960 parati
377 883 464 958 sunt,
487 883 535 957 ut,
559 875 588 939 si
609 873 666 937 illa
681 873 864 938 omittimus
880 895 964 957 quae
984 870 1118 938 ludibrii
1134 895 1234 939 causa
1256 872 1370 938 addita

246 986 334 1061 sunt,
356 977 397 1041 de
418 978 545 1042 ratione
561 974 781 1041 intercedente
796 975 881 1040 inter
897 974 1016 1041 Silium
1039 984 1072 1040 et
1087 977 1272 1064 Vergilium
1293 999 1370 1041 vere

245 1079 431 1145 doceamur.
477 1077 618 1145 Constat
646 1079 749 1165 igitur
778 1077 965 1174 Vergilium
998 1101 1073 1142 eum
1106 1079 1208 1145 fuisse
1239 1087 1369 1165 poetam

245 1206 343 1267 quem
378 1182 480 1249 Silius
494 1215 496 1220 ¹
512 1183 653 1247 maxime
687 1181 750 1246 sibi
784 1180 951 1267 exemplar
982 1183 1202 1267 proposuerit.
1252 1183 1369 1265 Itaque

246 1285 349 1353 Silius
376 1308 450 1349 cum
477 1283 554 1349 data
576 1294 762 1370 opportuna
789 1285 961 1350 occasione
986 1282 1101 1349 laudes
1130 1307 1244 1348 eorum
1267 1285 1370 1370 scrip·

245 1398 356 1453 torum
378 1411 462 1473 quos
485 1389 519 1452 in
541 1388 725 1473 exemplum
748 1387 811 1453 sibi
833 1395 1057 1472 assumpserat
1080 1387 1215 1451 carmini
1238 1411 1297 1453 suo
1320 1389 1370 1452 iu-

246 1501 358 1556 texere
381 1492 501 1575 soleat,
524 1490 602 1555 libri
624 1490 733 1555 octavi
756 1489 905 1556 versibus
927 1493 1000 1558 593.
1025 1498 1057 1554 et
1078 1493 1169 1574 594„
1193 1499 1369 1576 postquam

246 1593 425 1659 exercitum
448 1617 489 1658 ex
511 1593 643 1680 populis
657 1593 762 1659 totius
776 1593 895 1658 Italiae
916 1602 991 1656 ante
1005 1616 1151 1679 pugnam
1167 1591 1369 1658 Cannensem

246 1697 469 1784 conscriptum
483 1697 648 1763 recensuit
667 1704 699 1760 et
714 1696 888 1761 Mantuam
909 1695 1023 1761 urbem
1036 1696 1125 1761 cives
1148 1717 1226 1762 suos
1242 1697 1370 1762 misisse

246 1799 342 1884 dixit,
364 1798 445 1865 haec
465 1801 499 1864 in
520 1798 677 1865 honorem
699 1799 841 1885 Vergilii
864 1797 971 1863 addit:
1157 1881 1161 1887 .

428 1921 543 1976 Mantua
559 1921 703 1974 Musarum
721 1920 819 1973 domus
838 1925 920 1989 atq‘ue
938 1919 973 1974 ad
991 1919 1082 1973 sidera
1100 1923 1182 1973 cantu

428 2009 535 2063 Evecta
552 2009 652 2076 Aonio,
672 2012 700 2061 et
718 2006 876 2075 Smyrnaeis
895 2009 1003 2062 aemula
1020 2008 1147 2076 plectris3

248 2114 316 2180 sive
345 2113 615 2199 quiaVergilius
638 2111 792 2178 Andibus
818 2113 852 2176 in
879 2113 951 2198 agri
972 2113 1149 2177 Mantuani
1167 2107 1250 2178 ¹vico
1272 2123 1369 2180 natus

247 2226 328 2300 erat,
352 2218 431 2299 sive,
442 2213 477 2279 id
492 2213 582 2299 quod
597 2213 889 2280 Drakenborchius
905 2215 947 2280 ad
962 2214 1049 2281 hunc
1063 2218 1172 2283 locum
1188 2216 1369 2302 adnotavit,
1424 2294 1429 2315 Ι

248 2321 326 2406 quia
341 2319 483 2384 Mantua
499 2317 635 2383 celebris
656 2317 743 2382 facta
763 2319 806 2382 sit
822 2316 997 2404 Georgicis
1013 2328 1046 2383 et
1061 2319 1207 2385 Aeneide
1229 2343 1370 2404 quorum

248 2422 350 2488 altero
367 2421 515 2486 carmine
537 2419 722 2485 Hesiodum
745 2423 871 2487 Ascrae
893 2420 1105 2506 habitantem,
1127 2421 1218 2508 quod
1237 2424 1370 2489 Aonum

181 2539 182 2542 ’
248 2525 429 2612 primorum
435 2525 594 2589 Boeotiae
605 2521 785 2586 incolarum
798 2523 992 2610 oppidulum
1004 2533 1064 2609 est,
1078 2526 1181 2591 altero
1188 2526 1370 2592 Homerum

248 2629 396 2693 imitatus
419 2627 472 2692 sit.
517 2625 624 2692 Addit
647 2623 831 2693 Cosackius
854 2627 912 2711 qui
933 2626 1068 2693 eandem
1091 2652 1159 2693 rem
1180 2629 1201 2692 l.
1218 2630 1239 2693 l.
1262 2654 1294 2715 p.
1317 2633 1368 2697 52.

249 2729 516 2796 commemoravit
550 2727 633 2794 haec
668 2729 783 2793 verba:
821 2729 1008 2816 Vergilium
1030 2781 1037 2795 .
1057 2781 1064 2795 .
1083 2781 1117 2796 ..
1145 2732 1259 2797 subtili
1296 2755 1370 2796 curn

247 2841 419 2901 venustate
435 2841 534 2918 atque
549 2832 710 2897 teneriore
732 2832 894 2919 elegantia
908 2857 973 2898 non
995 2834 1080 2898 inter
1102 2835 1228 2900 feroces
1251 2835 1370 2900 milites

249 2937 496 3003 commemorati
524 2934 621 3000 Alios
657 2935 742 2999 enim
775 2959 859 3021 quos
893 2936 1056 3001 celebrare
1090 2935 1200 3003 studet
1229 2939 1371 3002 carmine

249 3062 320 3122 suo,
342 3040 428 3103 inter
448 3038 569 3104 milites
591 3047 748 3121 recenset,
770 3047 808 3102 ut
829 3037 983 3123 Ennium,
1003 3038 1186 3105 Pedianum
1207 3039 1369 3126 quendam

249 3142 327 3228 (lib.
357 3147 411 3226 12,
431 3165 461 3206 ν.
483 3142 589 3227 218),
619 3139 760 3225 denique
786 3141 975 3225 „Scauros,
1001 3141 1193 3227 Scaevolae,
1219 3142 1369 3227 Pisones,

249 3243 431 3330 Cethegos,
452 3245 593 3327 BrutoS,
615 3243 782 3328 Nerones,
807 3241 947 3328 Cilnios,
970 3267 1054 3330 quos
1070 3254 1222 3310 accurate
1244 3269 1371 3332 semper

250 3346 453 3414 adumbratis
476 3347 602 3433 origine
630 3355 729 3430 atque
756 3347 865 3432 patria
887 3349 957 3432 jam
977 3347 1043 3414 illis
1067 3347 1267 3413 Punicorum
1288 3358 1369 3413 tem-

248 3452 385 3539 poribus
408 3449 525 3515 bellica
547 3447 643 3513 laude
665 3448 815 3515 floruisse
838 3450 980 3536 gloriose
1002 3448 1138 3514 tradit.“
1181 3450 1270 3516 Illud
1292 3473 1370 3516 vero

249 3553 339 3640 quod
363 3551 547 3620 Cosaekius
570 3550 610 3616 de
632 3552 783 3638 Vergilio
806 3551 892 3616 dixit
913 3577 979 3617 non
1001 3576 1138 3638 prorsus
1162 3563 1212 3620 est
1234 3563 1369 3638 rectum,

249 3658 329 3741 quia
350 3657 443 3721 miles
466 3676 598 3740 quoque
612 3678 769 3741 pugnans
792 3656 845 3720 cui
867 3677 984 3721 nomen
1007 3665 1057 3720 est
1072 3657 1222 3743 Vergilio
1245 3657 1301 3722 lib.
1319 3662 1370 3729 17,

249 3786 280 3827 v.
302 3765 376 3829 441.
399 3758 576 3824 inducitur.

333 3861 452 3928 Restat
477 3871 515 3926 ut
541 3884 647 3948 pauca
680 3859 799 3926 addam
826 3883 911 3945 quae
938 3860 1085 3928 Homero
1113 3861 1231 3929 debeat
1258 3862 1370 3930 Silius.

250 3966 274 4033 J
276 3989 328 4030 am
343 3986 444 4050 supra
458 3965 544 4028 enim
566 3963 710 4032 diximus
732 3963 821 4028 haud
836 3965 950 4050 paucis
965 3965 1048 4032 locis
1062 3974 1174 4030 utrum
1189 3966 1372 4032 Homerum

251 4093 292 4134 an
318 4067 504 4153 Vergilium
532 4066 633 4160 Silius
667 4076 799 4135 secutus
827 4069 871 4134 sit
903 4067 1038 4134 difficile
1064 4091 1136 4135 esse
1163 4067 1269 4148 dictu;
1297 4092 1371 4134 curn

250 4194 327 4238 vero
356 4169 542 4254 ubicunque
571 4172 724 4238 carminis
751 4169 869 4239 Siliani
902 4181 972 4237 tum
995 4171 1060 4237 illis
1088 4171 1170 4256 ipsis
1197 4172 1279 4239 locis
1306 4196 1371 4238 non
