3096 4880
333 519 431 574 Silius.
907 519 1042 573 Valerius.

705 625 838 692 implorat
855 641 947 676 ramos
966 625 1054 691 adque
1073 624 1154 679 irrita
1171 641 1235 677 con·

740 712 808 766 citat
825 712 891 766 alas.

120 801 145 853 8.
168 801 231 855 235:
256 801 374 854 redeunt
399 800 478 868 Divi3
506 799 523 853 1.
549 816 573 853 e.
601 798 646 852 dei
705 802 730 855 2.
740 801 939 872 4855verumo
950 799 1008 866 jam
1022 798 1138 852 redeant
1150 799 1236 866 Phry·

155 887 286 942 desinunt
303 887 375 942 tueri
394 888 522 956 aliquem.
741 888 823 957 gibus
843 887 866 940 11
885 887 997 942 numina
1015 929 1021 942 .
1036 927 1043 940 .
1056 928 1084 940 ..

205 1042 356 1126 Denique
377 1042 455 1106 libri
475 1042 565 1106 tertii
586 1042 704 1106 decimi
725 1064 839 1106 versus
859 1045 1039 1125 auu-42,
1062 1041 1181 1127 quibus
1197 1040 1238 1115 de

121 1143 211 1211 Pane
233 1147 368 1230 ejusque
390 1144 506 1209 habitu
528 1135 638 1231 agitur
660 1143 872 1230 comparandi
894 1152 971 1210 sunt
994 1167 1067 1208 curn
1088 1144 1238 1208 versibus

121 1250 270 1314 47.—57.
300 1247 376 1311 libri
410 1247 501 1311 tertii
529 1248 790 1333 Argonauticon.
841 1247 959 1330 Neque
985 1256 1096 1332 potest
1126 1247 1240 1332 negari

122 1349 274 1414 omnibus
296 1350 362 1413 fere
384 1351 466 1416 locis
481 1349 601 1434 quibus
617 1349 720 1416 Silius
743 1351 811 1415 sive
830 1349 1049 1434 expeditionis
1065 1351 1241 1434 Argonau-

121 1459 231 1513 tarum
254 1451 358 1535 ipsius
381 1453 449 1517 sive
472 1475 580 1516 rerum
603 1475 676 1516 cum
698 1453 755 1516 illa
777 1454 1024 1537 conjunctarum
1046 1451 1242 1515 mentionem
1357 1465 1360 1470 '

122 1553 213 1638 facit,
229 1555 401 1619 Valerium
417 1555 573 1618 Flaccum
589 1563 646 1618 aut
660 1556 782 1619 fontem
798 1555 900 1618 fuisse
915 1555 1057 1636 unicum,
1074 1562 1131 1618 aut
1147 1554 1244 1618 simul

123 1679 198 1720 cum
221 1657 296 1722 aliis
324 1658 431 1742 poetis
459 1655 589 1721 easdem
617 1679 668 1722 res
690 1657 900 1721 narrantibus
924 1655 1005 1722 Silio
1033 1665 1108 1720 ante
1130 1656 1244 1720 oculos

125 1760 238 1825 fuisse.
283 1758 502 1824 Conferantur
531 1761 616 1823 enim
638 1760 703 1824 loci
725 1760 801 1823 libri
825 1765 879 1842 ll,
901 1783 949 1824 vs.
977 1763 1040 1826 469
1071 1779 1142 1843 sqq.
1171 1780 1245 1822 oum

124 1863 227 1928 variis
254 1862 336 1926 locis
366 1862 519 1926 carminis
545 1862 728 1945 Valeriani,
756 1863 812 1928 lib.
838 1874 873 1945 1,
895 1864 1100 1940 301.—305.;
1128 1859 1185 1924 lib.
1213 1863 1246 1942 4,

127 1969 190 2033 336
226 1987 314 2047 sqq.,
352 1965 409 2028 ubi
442 1964 640 2028 describitur
673 1966 766 2051 Argo
800 1967 908 2043 navis3
947 1963 1065 2029 deinde
1103 1962 1160 2026 lib.
1196 1966 1247 2045 12,

126 2094 157 2133 v.
186 2072 380 2136 397.-400.
410 2091 483 2131 cum
511 2067 625 2150 rebuS,
655 2089 738 2151 quae
765 2066 850 2132 libro
878 2068 981 2132 altero
1004 2075 1036 2131 et
1059 2065 1157 2130 tertio
1180 2065 1247 2128 Ar-

85 2225 87 2232 ,
127 2171 329 2257 gonauticon
352 2180 535 2235 narrantur.
578 2170 681 2252 Tum⁷
703 2178 741 2234 ut
764 2169 852 2255 apud
875 2169 991 2236 Silium
1014 2169 1098 2233 libro
1121 2167 1248 2231 decimo

127 2274 284 2338 Minerva
311 2271 400 2357 apud
428 2273 452 2338 J
454 2281 549 2338 oveln
575 2273 725 2356 queritur
753 2271 843 2357 quod
864 2273 959 2338 Mars
982 2272 1102 2337 Poenis
1128 2271 1248 2352 faveat,

128 2377 177 2440 sic
201 2374 291 2461 apud
311 2377 481 2442 Valerium
504 2383 641 2440 exeunte
663 2373 748 2438 libro
771 2377 886 2458 quinto
902 2375 996 2440 Mars
1020 2373 1108 2461 apud
1131 2372 1155 2438 J
1157 2395 1251 2436 ovem

129 2479 297 2563 queritur,
325 2477 415 2562 quod
437 2479 590 2543 Minerva
612 2477 636 2542 J
637 2477 730 2542 asoni
752 2477 987 2563 patrocinetur.
1031 2477 1135 2541 Porro
1160 2475 1250 2540 Juno

130 2580 222 2667 apud
238 2581 356 2648 Silium
372 2605 499 2668 semper
513 2581 693 2646 Hannibali
709 2579 812 2663 adest,
828 2578 1006 2664 eodemque
1025 2577 1122 2644 modo
1139 2578 1251 2642 eadem

130 2685 195 2748 dea
229 2683 317 2767 apud
349 2685 520 2751 Valerium
554 2684 712 2749 Jasonem
741 2685 851 2768 juvat3
892 2681 1032 2766 denique
1065 2681 1130 2746 Iris
1165 2679 1253 2766 apud

131 2795 310 2868 utrumque
338 2785 378 2849 de
401 2785 492 2850 coelo
522 2785 564 2849 ad
590 2795 711 2850 terram
734 2787 878 2850 mittitur
896 2788 990 2871 jussa
1012 2785 1148 2849 deorum
1170 2806 1252 2848 nun-

130 2890 267 2953 tiatura.
312 2887 462 2972 Apparet
484 2888 586 2972 igitur
608 2888 691 2955 Silio
715 2897 757 2952 et-
769 2889 905 2956 Valerio
922 2888 1040 2953 Flacco
1063 2887 1128 2950 hoc
1149 2885 1253 2971 potis-

132 2992 255 3056 simum
277 3012 446 3054 commune
469 3012 550 3073 esse,
573 2991 663 3074 quod
685 2999 823 3075 uterque
846 2991 1034 3076 saepissime
1056 2987 1136 3053 deos
1159 2985 1253 3052 deas-

131 3116 199 3179 que
221 3093 312 3178 ipsos
341 3107 392 3157 res
420 3093 579 3178 gerendas
602 3093 867 3158 administrantes
890 3093 1038 3175 inducat,
1062 3098 1095 3155 61
1117 3091 1254 3173 Junoni,

132 3197 317 3277 Minervae,
340 3196 463 3262 Veneri
485 3219 620 3280 magnas
637 3206 747 3282 partes
762 3197 797 3260 in
812 3196 1010 3261 carminibus
1034 3195 1102 3259 suis
1117 3193 1252 3257 tribuat.

221 3297 273 3361 De
304 3299 337 3362 P.
365 3299 500 3385 Papinio
530 3298 635 3363 Statio
663 3299 771 3364 brevis
799 3322 872 3381 ero,
906 3298 1097 3383 praesertim
1126 3319 1199 3360 cum
1225 3295 1254 3359 is

134 3423 269 3484 qnoque
292 3424 358 3464 non
380 3425 485 3486 pauca
508 3425 581 3465 cum
603 3403 751 3485 Valerio,
773 3411 844 3465 tum
866 3401 1017 3486 Vergilio
1040 3400 1173 3476 debeat3
1197 3396 1254 3481 (de

27 3551 29 3556 .
134 3526 204 3586 qua
236 3525 270 3566 re
304 3504 512 3568 conferantur
545 3514 592 3568 et:
625 3502 836 3589 Nachtraege
865 3527 906 3567 zu
933 3503 1077 3570 Sulzer's
1104 3499 1255 3582 Theorie,

133 3604 202 3668 vol.
227 3609 257 3687 8,
279 3631 310 3690 p.
335 3611 411 3675 348:
424 3631 449 3671 s.
466 3608 488 3670 f.
504 3611 619 3674 —350.
643 3616 689 3670 et:
712 3606 848 3690 Teuffel,
871 3601 1256 3690 Litteratnrgeschichte,

136 3706 201 3772 sub
228 3730 308 3770 voce
330 3709 486 3776 Valerius
509 3709 667 3791 FlaccuS,
694 3712 836 3795 3114.)
860 3709 989 3775 Similia
1014 3716 1090 3773 sunt
1112 3707 1197 3769 inter
1220 3727 1254 3769 se

134 3807 226 3896 apud
250 3809 367 3874 Silium
390 3821 422 3875 et
445 3811 588 3876 Statium
610 3811 705 3875 haec:

357 3946 455 4001 Silius.
935 3945 1054 4000 Statius.

137 4056 162 4107 1.
183 4052 247 4106 231:
267 4052 352 4105 Astur
370 4069 469 4106 avarus
728 4051 827 4106 Silvar.
846 4051 870 4105 4.
891 4053 914 4106 7.
930 4054 974 4107 14:
994 4051 1114 4106 ....ubi
1124 4051 1189 4107 Dite
1198 4050 1257 4104 viso

136 4139 299 4194 Visceribus
326 4140 433 4194 lacerae
462 4140 570 4193 telluris
599 4158 669 4194 mer·
1118 4163 1123 4176 ·
1222 4168 1224 4173 -

174 4227 250 4295 gitur
267 4228 339 4297 imis,

1038 4320 1054 4371 7
