3096 4880
809 295 852 358 70

270 471 326 547 sic'
341 477 459 545 Cicero
484 479 647 545 similibus
668 501 749 546 usus
761 478 873 544 'verbis
896 478 1011 545 scribit
1028 479 1129 544 Brut.
1153 480 1268 563 3‚12.:
1293 487 1393 563 atque

272 591 310 647 ut
331 591 410 668 post
433 579 639 648 Cannensem
661 582 751 646 illam
773 581 994 676 calamitatem
1016 582 1158 668 primum
1173 581 1326 646 Marcelli
1348 579 1393 646 ad

273 685 397 752 Nolam
419 685 545 771 proelio
568 684 711 770 populus
734 707 768 750 se
789 683 959 751 Romanus
986 685 1091 750 erexit
1113 681 1294 770 posteaque
1316 707 1393 770 pro,-

272 809 388 874 sperae
411 810 463 852 res
486 786 641 872 deinceps
663 787 785 852 multae
807 796 1003 854 consecutae
1026 795 1103 852 sunt
1118 835 1276 851 .......

327 926 330 931 ·
358 892 421 973 31,
454 887 552 954 Libri
585 889 684 975 primi
716 912 815 955 versu
849 893 920 957 170.
948 911 1020 976 sqq.
1050 895 1205 954 narratur
1226 887 1394 973 quomodo

273 990 378 1057 Poeni
402 1015 515 1056 necem
541 990 764 1058 Hasdrubalis
792 991 1000 1079 imperatoris
1025 991 1128 1056 ulturi
1150 1013 1281 1057 servum
1303 991 1396 1054 illum

273 1094 331 1179 qui
370 1093 502 1159 eaedem
542 1101 791 1181 perpetraverat
828 1094 1001 1161 tormentis
1034 1093 1262 1158 cruciaverint.
1314 1091 1395 1160 Sed:

403 1231 477 1282 „non
494 1215 572 1285 ignes
592 1215 767 1284 candensque
786 1213 899 1284 chalybs
919 1256 926 1269 .
945 1255 952 1268 .
972 1256 978 1269 .
998 1253 1005 1268 .
1024 1216 1186 1270 cessavere“
1205 1255 1212 1268 .
1231 1254 1237 1267 .
1261 1255 1268 1268 .

274 1332 331 1402 Ad
351 1332 441 1419 quod
462 1336 613 1402 conferas
633 1336 668 1400 in
682 1338 779 1403 Verr.
799 1335 856 1401 lib.
872 1339 903 1420 5,
922 1339 952 1420 5.
975 1340 1062 1406 163.;
1085 1332 1186 1420 quid?
1209 1357 1283 1399 cum
1302 1333 1398 1422 ignes

274 1435 516 1522 candentesque
547 1437 686 1503 laminae
725 1439 891 1524 ceterique
931 1439 1096 1504 cruciatus
1127 1435 1399 1518 admovebantur,

276 1589 404 1606 .....
435 1540 541 1625 (Nolo
575 1549 685 1606 tamen
716 1535 847 1606 silentio
887 1540 1149 1627 praetermittere
1185 1540 1219 1605 in
1255 1538 1399 1604 editione

275 1640 484 1730 Kayseriana
505 1667 566 1730 pro
588 1642 766 1710 candentes
789 1667 876 1709 nunc
897 1643 964 1733 legi
985 1642 1164 1729 ardentes).

362 1767 424 1847 32,
447 1763 585 1829 Dictum
607 1770 658 1830 est
681 1761 836 1830 Ciceroni
858 1764 1028 1851 proprium
1055 1763 1096 1830 de
1118 1771 1249 1830 oratore
1273 1762 1400 1847 aliquo:

278 1863 401 1951 fingere
432 1875 571 1945 mentes3
604 1867 754 1934 conferas
786 1867 872 1932 enim
907 1867 948 1933 de
976 1866 1105 1952 legibus
1130 1865 1190 1948 lib.
1212 1869 1250 1950 3,
1276 1865 1304 1949 §-
1331 1866 1401 1932 40.2

278 1974 395 2050 „actor
409 1967 601 2033 moderatur
615 1977 648 2033 et
663 1967 760 2056 fingit
774 1977 915 2036 mentem
930 1992 971 2036 ac
985 1969 1211 2048 voluntates“;
1233 1965 1298 2034 hcc
1313 1965 1403 2056 apud

281 2067 400 2138 Silium
422 2093 554 2158 quoque
575 2071 698 2160 legitur
719 2071 776 2137 lib.
801 2072 829 2156 I,
851 2097 881 2140 v.
903 2076 995 2142 441.:

706 2196 786 2262 grata
802 2209 858 2264 qno
876 2209 935 2248 non
953 2193 1105 2266 spectatior
1123 2193 1194 2248 alter

452 2279 527 2336 Voce
544 2296 656 2334 movere
673 2279 749 2350 fora,
767 2284 852 2350 atque
871 2280 977 2354 orando
995 2279 1100 2352 fingere
1117 2283 1233 2336 mentes.

369 2391 434 2486 33,
455 2400 507 2467 Ut
527 2423 626 2468 versu
648 2407 728 2488 617,
750 2402 807 2468 lib.
834 2406 882 2472 10.

516 2521 651 2580 Adversis
670 2523 773 2578 etenim
787 2523 864 2594 serti
881 2540 938 2578 non
956 2539 1016 2578 esse
1034 2523 1167 2591 virorum,

286 2624 365 2688 ferri
386 2626 524 2692 verbum
544 2627 690 2714 positum
713 2637 763 2694 est
784 2651 847 2716 pro
863 2628 988 2694 moveri
1010 2627 1122 2712 aliqua
1141 2649 1177 2691 re
1192 2626 1262 2693 sive
1277 2648 1312 2692 se
1327 2623 1406 2692 dare
1528 2627 1529 2640 ²

284 2726 384 2791 alicui
406 2729 465 2814 rei,
488 2728 537 2796 sic
560 2729 690 2816 saepius
706 2729 796 2818 apud
812 2729 1013 2797 Ciceronem.
1060 2729 1202 2816 Legitur
1216 2728 1324 2794 enim:
1346 2750 1406 2814 pro

286 2827 446 2912 Quinctio
463 2837 521 2916 ll,
538 2833 607 2900 38.:
623 2833 680 2917 qui
696 2855 801 2917 usque
816 2833 854 2900 eo
869 2834 975 2900 fervet
988 2833 1160 2919 ferturque
1175 2830 1329 2910 avaritia3
1345 2853 1405 2918 pro

286 2925 441 2995 Cluentio
463 2933 499 3016 5,
530 2939 595 3003 12:
624 2935 673 3002 sic
695 2935 896 3002 inflammata
920 2936 1000 3002 ferri
1020 2934 1183 3001 libidine.
1201 2960 1227 3013 .;
1250 2931 1330 2999 ibid.
1354 2936 1406 3016 70,

286 3034 374 3098 199.:
397 3055 497 3118 quarn
519 3060 648 3102 caecam
671 3036 866 3105 crudelitate
887 3048 921 3104 et
943 3039 1064 3105 scelere
1078 3035 1157 3102 ferri
1172 3034 1345 3102 videtur..
1360 3061 1402 3114 ..3

287 3133 421 3201 Tuscul.
444 3135 531 3225 disp.
553 3143 584 3208 3.
608 3145 638 3210 2.
661 3146 709 3208 4.:
737 3142 794 3226 qui
816 3140 973 3230 pecuniae
1001 3139 1198 3229 cupiditate,
1226 3139 1285 3224 qui
1311 3139 1407 3204 volu-

285 3244 417 3322 ptatum
449 3239 585 3307 libidine
618 3244 782 3325 feruntur3
816 3245 851 3310 in
873 3244 969 3311 Verr.
997 3246 1032 3328 5,
1060 3247 1112 3312 46.
1138 3247 1226 3312 121.:
1248 3263 1406 3330 praeceps

291 3339 433 3404 amentia
454 3342 611 3430 ferebare,
634 3347 716 3430 qui.
734 3396 742 3412 .
759 3395 767 3410 .
785 3397 792 3411 .
815 3385 867 3410 -.

376 3439 530 3510 Poteram
553 3445 605 3515 his
628 3449 709 3516 locis
725 3449 910 3536 complures
927 3446 1062 3528 addere3
1086 3451 1159 3522 edm
1182 3471 1259 3513 vero
1278 3447 1347 3534 jam
1369 3470 1410 3512 ex

293 3542 341 3609 eis
363 3566 447 3629 qnos
470 3550 567 3613 attuli
590 3551 670 3618 satis
692 3552 821 3616 elucere
843 3552 973 3618 credam
995 3574 1036 3616 ex
1053 3548 1221 3618 Ciceronis
1236 3550 1330 3618 libris
1339 3574 1411 3622 ,non

288 3667 363 3711 raro
386 3645 538 3716 hausisse
563 3651 693 3738 Silium,
717 3655 792 3722 illos
814 3656 906 3722 locos
928 3676 1128 3720 memorasse
1150 3653 1304 3721 sufficiat.

378 3749 537 3836 Sequitur
559 3764 598 3820 ut
620 3779 816 3841 quaeramus
837 3782 916 3823 num
936 3756 1096 3844 Polybius
1118 3764 1217 3824 notus
1238 3756 1339 3822 fuerit
1360 3755 1412 3822 si-

295 3850 350 3914 lio.
396 3851 506 3934 Quam
541 3859 767 3942 quaestionem
801 3859 1019 3925 difficiliorem
1053 3883 1125 3926 esse
1152 3867 1306 3947 apparet,
1340 3881 1413 3924 cum

291 3952 456 4039 Polybius
479 3958 652 4027 historiam
679 3963 757 4028 belli
780 3957 898 4028 Punici
920 3963 1054 4029 secundi
1075 3964 1109 4026 in
1131 3963 1246 4049 primis
1268 3963 1414 4047 quinque

294 4053 389 4120 libris
412 4057 470 4139 qui
492 4063 626 4144 quidem
648 4066 769 4152 integri
783 4066 878 4133 nobis
895 4067 1016 4133 servati
1039 4072 1116 4133 sunt
1136 4089 1203 4131 non
1223 4065 1289 4132 nisi
1310 4086 1417 4149 usque

294 4155 336 4221 ad
363 4179 509 4244 pugnam
532 4163 734 4236 Cannensem
761 4168 970 4254 pertexuerit.
1016 4167 1111 4250 Quae
1133 4189 1207 4232 cum
1229 4169 1277 4235 ita
1299 4169 1365 4234 sint
1386 4167 1414 4234 si
