3096 4880
813 243 854 311 56

274 433 354 502 (459.)
364 431 409 485 Ad
418 431 529 486 solitam
539 430 633 486 sedem
646 433 674 486 et
682 427 803 502 vuestigia
869 434 891 496 §-
911 431 971 486 1100.
989 429 1156 484 sententiam
1177 447 1212 484 ne
1231 430 1337 496 diceret
1357 446 1416 484 re-

309 524 380 574 nota
395 521 540 575 vocabant.
903 517 1024 585 cesavit;
1049 517 1181 586 quamdiu
1197 516 1259 586 jure
1274 517 1411 586 jurando

179 682 182 687 Ι
275 607 396 674 Abnuit3
415 600 613 676 antiquumque
625 605 680 660 loci
693 593 820 684 ads'per·¹
903 605 1027 660 hostium
1045 609 1195 673 teneretur,
1213 622 1270 659 non
1288 622 1348 659 esse
1374 623 1414 659 se

310 698 390 748 natus
408 695 543 748 honorem
561 699 611 748 est.
904 697 1071 746 senatorem.

277 782 358 851 (476.)
385 781 451 835 Fuit
477 781 539 847 ille,
570 799 622 836 nec
648 783 771 848 unquam
871 787 894 847 §-
913 781 972 836 100.
984 779 1064 835 reddi
1075 780 1201 848 captivos
1213 781 1326 852 negavit
1338 799 1416 835 esse

277 863 352 922 Dum
364 862 429 937 fuit,
445 868 543 924 aduro
561 868 807 924 cessavitrnunere
906 869 987 935 utile;
1018 868 1081 922 illos
1112 868 1187 922 enim
1214 867 1414 922 adulescentis

312 957 411 1012 Martis
907 974 967 1011 esse
990 959 1018 1009 et
1041 957 1132 1010 bonos
1161 955 1259 1024 duces,
1288 973 1316 1010 se
1340 955 1414 1025 jam

278 1045 414 1116 Regulus:
438 1043 571 1116 exsangui
594 1042 726 1114 spectatis
750 1059 807 1098 cor·
908 1044 1065 1100 conicctum
1085 1046 1234 1098 senectute.

313 1149 383 1202 pore
400 1149 511 1186 nomen.
547 1165 548 1170 κ
662 1165 665 1172 «
773 1174 774 1180 ,

278 1219 317 1273 At
335 1222 392 1273 non
405 1215 550 1292 Carthago,
562 1217 691 1274 fraudum
703 1215 810 1286 domus,

289 1307 402 1362 'inscia
420 1310 554 1375 quantum
648 1371 651 1378 ¹

281 1393 306 1447 E
323 1394 405 1448 nobis
417 1396 513 1466 restet,
529 1393 647 1464 juvenes
660 1397 749 1464 parat,
768 1409 810 1448 as·

316 1481 384 1552 pera
400 1480 475 1535 ferro

279 1569 411 1638 Pectora,
430 1570 557 1640 captivos
581 1575 677 1626 nostra
694 1586 811 1641 pensare

317 1660 436 1711 senecta.
1141 1713 1143 1720 ,

283 1745 365 1814 (471.)
385 1785 408 1799 ..
427 1746 474 1800 ibo
501 1745 538 1800 ad
561 1745 661 1816 Tyrios
688 1763 745 1820 non
763 1733 813 1799 se·
876 1744 900 1806 ξ.
921 1741 979 1796 100.
998 1742 1088 1810 deque
1100 1759 1166 1798 vero
1183 1746 1243 1796 tum
1256 1743 1415 1814 ignorabat

317 1831 415 1901 gnidr,
427 1833 526 1901 inquit,
913 1846 941 1882 se
959 1829 995 1882 ad
1013 1829 1235 1884 crudelissimum
1248 1831 1358 1886 hostem
1377 1827 1415 1886 'et

912 1916 948 1972 ad
980 1915 1117 1984 exquisita
1150 1918 1287 1987 supplicia
1313 1919 1413 1993 ¹proli-

913 2004 982 2058 cisoi
999 2043 1006 2058 .
1110 2004 1158 2074 (da
1186 2005 1284 2060 officiis
1310 2009 1333 2061 1.
1363 2007 1413 2061 13.

913 2093 978 2162 39.):
1005 2092 1106 2148 deinde
1124 2096 1186 2148 curu
1203 2085 1372 2148 retineretur
1393 2113 1415 2148 a

282 1919 378 1974 Stante
390 1919 445 1974 fide
457 1919 563 1994 reditus
574 1925 602 1976 et
614 1921 690 1975 salvo
702 1919 814 1976 foedere

290 2023 293 2030 ’
317 2024 433 2076 poenae.
541 2032 544 2040 ·
750 2011 754 2043 1'

286 2094 366 2164 (490.)
385 2095 455 2149 haec
471 2094 544 2149 fatus
562 2094 668 2162 Tyriae,
679 2111 739 2150 sese
755 2088 814 2164 jam

320 2180 445 2249 reddidit
461 2182 527 2250 irae,
560 2242 561 2248 χ

285 2269 344 2325 Nec
380 2269 503 2324 monitus
526 2274 686 2353 'spernente
715 2288 835 2342 graves-

321 2356 448 2426 fidcsque
465 2355 576 2426 Senatu,

840 2221 842 2226 ·
861 2246 866 2252 ,
912 2179 1077 2248 propinquis
1089 2183 1118 2234 et
1129 2181 1163 2234 ab
1177 2180 1281 2250 amicis,
1294 2179 1330 2234 ad
1343 2197 1413 2250 sup-

912 2255 1028 2352 plicium
1058 2267 1150 2322 redire
1180 2268 1291 2336 maluit,
1324 2285 1413 2336 quam

913 2353 997 2409 fidem
1010 2396 1017 2410 .
1031 2395 1038 2407 .
1051 2394 1058 2408 .
1071 2353 1175 2410 fallere.
1194 2397 1196 2400 -

283 2445 442 2499 Poenorum
465 2444 580 2501 dimissa
603 2447 717 2516 cohors,
744 2463 815 2515 quae

181 2563 184 2568 ,
292 2547 296 2558 ’
320 2535 426 2587 maesta
443 2533 555 2604 repulsa

283 2620 326 2675 Ac
353 2620 485 2675 minitans
512 2625 594 2692 capto
620 2621 725 2691 patrias
751 2639 816 2692 pro·

322 2711 440 2780 perabat
457 2708 493 2763 ad
510 2726 582 2764 cras.

288 2884 401 2949 Pauca
433 2882 553 2950 addere
580 2884 678 2949 liceat
706 2883 746 2948 de
774 2892 879 2950 morte
906 2883 1036 2971 Reguli.
1088 2883 1183 2968 Quae
1218 2886 1336 2953 Livius
1369 2886 1410 2952 de

287 2986 350 3051 hac
365 3009 400 3051 re
414 2971 598 3056 narraverit
613 2985 791 3065 nescimus3
813 2987 935 3074 legitur
957 2987 991 3051 in
1007 2987 1149 3075 epitome
1163 2989 1241 3054 libri
1255 2989 1408 3056 XVHL:

289 3088 475 3176 „supplicio
491 3115 511 3156 a
527 3088 855 3178 Carthaginiensibus
879 3088 919 3154 de
940 3112 979 3154 eo
1003 3100 1135 3178 sumpto
1151 3092 1282 3178 periit.“
1327 3092 1410 3158 Cum

288 3215 367 3256 vero
390 3191 520 3278 Florus,
543 3194 600 3279 qui
616 3193 749 3258 Livium
771 3192 979 3278 potissimum
1001 3194 1151 3278 sequitur
1172 3194 1229 3259 lib.
1245 3199 1276 3278 2,
1292 3218 1363 3280 cap.
1379 3201 1407 3264 2.

287 3295 452 3382 Regulum
474 3298 564 3362 cruci
588 3296 724 3362 affixum
745 3295 851 3379 dicat,
874 3294 1029 3360 credibile
1051 3305 1102 3360 est
1124 3296 1257 3361 Livium
1279 3320 1408 3382 quoque

289 3399 338 3464 sic
370 3421 514 3464 narasse
565 3398 642 3463 Hoc
675 3397 765 3484 apud
795 3397 915 3464 Silium
952 3415 1093 3486 quoque·
1116 3399 1257 3488 legimus
1290 3399 1345 3464 lib.
1379 3407 1409 3483 2,

287 3527 318 3567 v.
342 3505 434 3570 343.:

539 3619 611 3690 vidi,
630 3638 694 3678 cum
711 3621 818 3692 robore⁴
831 3621 955 3690 pendens
975 3621 1119 3693 (Regulus)

492 3708 657 3779 Hesperiam
676 3724 757 3762 cruce
781 3707 907 3763 sublimis
926 3714 1065 3780 spectaret
1082 3712 1118 3766 ab
1136 3712 1207 3780 alta3

290 3825 323 3880 et
345 3815 491 3901 ejusdem
512 3813 589 3879 libri
610 3839 641 3886 v.
664 3817 753 3882 435.:
809 3827 811 3835 ’

404 3920 490 3973 Juxta
506 3919 588 3973 triste
610 3917 693 3972 decus
710 3918 816 3988 pendet
838 3918 889 3972 sub
906 3915 1027 3987 imagine
1044 3936 1151 3988 poenae
1169 3919 1299 3990 Regulus.

289 4023 361 4090 Alii
383 4031 492 4088 autem
515 4023 708 4110 scriptores,
730 4032 764 4088 et
786 4021 903 4089 Cicero
927 4024 1146 4110 potissimum,
1169 4033 1305 4089 narrant
1326 4023 1410 4111 vigi·

290 4127 354 4211 liis,
377 4125 495 4210 inedia,
520 4127 653 4192 resectis
669 4125 835 4214 palpebris
858 4151 930 4196 esse
945 4136 1105 4192 necatum.
1152 4124 1312 4194 Conferaa
1327 4127 1412 4192 enirn
