3096 4880
921 461 1080 518 Lueretius.

740 598 797 636 uox
818 583 867 637 ubi
890 582 1011 638 terribili
1033 587 1122 638 terras
1151 582 1270 652 ealigine

775 669 854 724 texit.

739 757 871 812 Versibus
891 756 939 828 qui
957 763 1111 826 sequuntur
1122 758 1269 814 Lucretius

774 845 803 898 in
830 863 925 900 causas
956 845 1037 915 hujus
1070 845 1197 900 miraculi
1228 847 1269 900 in·

774 933 868 1000 quirit.

144 1021 538 1077 6.146:flumen....lento
553 1022 676 1090 pede...
739 1021 763 1075 6.
782 1022 849 1089 638,
874 1025 903 1075 et
920 1023 944 1076 5.
964 1022 1030 1075 272:
1054 1039 1108 1090 qua
1130 1021 1176 1075 via
1194 1025 1270 1076 secta

182 1109 253 1163 fluit.
774 1110 861 1163 semel
905 1109 1011 1176 liquido
1051 1108 1126 1178 pede
1168 1109 1269 1163 detulit

773 1197 871 1251 undas.

145 1287 170 1340 9.
201 1286 268 1340 572:
302 1284 373 1338 Nam
408 1288 572 1352 praevectus
599 1302 680 1354 equo,
738 1284 763 1338 5.
786 1285 869 1340 1301:
899 1284 964 1339 inde
988 1283 1069 1338 boves
1093 1281 1188 1338 Macae
1212 1285 1268 1337 tur·

182 1373 375 1425 moderantem
424 1372 540 1440 cuspide
585 1372 680 1426 Luras
773 1371 829 1424 rito
848 1388 974 1441 corpore,
992 1375 1079 1426 tetras
1093 1411 1099 1424 .
1113 1411 1119 1424 .
1135 1411 1162 1424 ..

182 1459 312 1513 Maurum
335 1459 365 1512 in
382 1459 456 1512 bella
475 1459 556 1514 boves
569 1497 655 1513 .....

233 1682 338 1747 Libro
367 1691 486 1766 quarto
509 1681 635 1746 decimo
664 1679 863 1747 describitur
884 1682 1083 1768 pestilentia,
1105 1704 1171 1765 qua
1193 1702 1267 1747 curu

144 1786 180 1850 in
214 1784 332 1850 eastris
360 1784 513 1849 Marcelli
546 1792 617 1849 tum
644 1783 817 1872 Syracusis
845 1783 927 1869 ipsis
955 1785 1050 1848 multi
1079 1783 1267 1850 Siculorum

142 1887 434 1972 Romanorumque
462 1887 687 1953 absumuntur.
734 1885 810 1968 Qua
837 1887 870 1951 in
893 1910 928 1951 re
954 1910 1050 1971 quem
1074 1888 1267 1973 scriptorem

145 1989 251 2056 Silius
274 1997 405 2055 secutus
422 1991 465 2055 sit
480 1989 613 2054 difficile
628 1998 679 2054 est
700 1988 804 2073 dictu,
826 2012 900 2054 oum
923 1990 1044 2055 similes
1060 1990 1267 2075 pestilentiae

145 2090 386 2178 descriptiones
409 2093 530 2157 multae
553 2099 699 2175 exstent,
726 2115 807 2176 quas
826 2094 895 2177 jam
918 2115 1017 2178 supra
1039 2115 1114 2178 pag.
1141 2097 1199 2186 323,
1216 2116 1267 2157 re-

144 2193 268 2258 censui.
313 2193 370 2259 Ad
403 2215 502 2279 quas,
535 2204 573 2258 ut
606 2196 687 2260 alias
716 2195 854 2259 aliorum
881 2195 1078 2280 scriptorum
1105 2195 1265 2280 omittam,

144 2295 295 2360 Lucretii
309 2295 488 2385 descriptio
513 2297 649 2381 accedit
672 2320 755 2382 quae
778 2307 886 2362 exstat
907 2297 963 2361 lib.
987 2301 1017 2380 6,
1032 2322 1064 2361 v.
1082 2301 1173 2364 1136.
1191 2320 1263 2382 sqq.

145 2397 224 2482 Sed,
247 2401 397 2484 quamvis
419 2424 538 2488 negare
554 2401 655 2465 nolim
677 2401 819 2465 fortasse
840 2399 972 2464 illorum
995 2400 1139 2464 omnium
1162 2400 1265 2486 scrip-

143 2510 255 2565 torum
276 2505 480 2569 narrationes
504 2504 587 2570 Silio
614 2512 710 2568 notas
733 2502 850 2584 fuisse,
872 2524 977 2586 neque
998 2503 1123 2587 possim
1145 2526 1265 2588 negare

142 2603 198 2667 hie
227 2605 294 2669 illie
321 2607 393 2671 luce
423 2608 543 2672 elarius
567 2607 769 2693 Vergilium
796 2604 938 2669 fortasse
964 2604 1108 2669 Ennium
1134 2628 1266 2691 quoque

144 2707 175 2769 ei
198 2719 272 2770 ante
295 2710 409 2774 oculos
430 2710 548 2793 fuisse,
575 2730 769 2794 persuasum
796 2715 906 2771 tamen
927 2706 1031 2771 habeo
1054 2730 1095 2771 ex
1117 2707 1266 2772 Lucretii

144 2831 277 2893 quoque
293 2795 446 2876 ¹carmine
474 2812 536 2875 hoe
563 2811 636 2875 loeo
651 2833 729 2874 non
757 2833 863 2896 pauca
886 2817 1018 2896 sumpta
1039 2832 1120 2876 esse.
1167 2809 1265 2875 Com-

143 2920 302 2995 parantur
324 2914 409 2977 enim
432 2913 517 2977 inter
539 2935 573 2979 se
595 2911 692 2978 haec:

165 3083 264 3155 Silius,
282 3085 330 3141 nb.
349 3089 391 3142 14.
432 3086 590 3155 abactas,
608 3087 656 3141 us.
670 3087 695 3141 s.
724 3083 943 3155 Verenffieorg.
956 3087 981 3139 3.
1001 3085 1128 3172 mseras,
1146 3085 1213 3140 nee.
1232 3088 1256 3142 a.

142 3207 207 3262 594:
234 3206 299 3260 Vim
325 3208 409 3276 primi
430 3207 693 3262 telamonium
714 3207 773 3262 480.
815 3207 854 3260 Et
895 3223 981 3275 genus
999 3207 1063 3261 536:
1116 3206 1214 3278 Strage

161 3310 271 3348 sensere
312 3313 408 3363 canes;
444 3295 558 3349 omnino
588 3299 694 3348 temere
732 3311 814 3348 omne
827 3293 889 3348 neci
900 3310 982 3363 pecu·
1017 3312 1118 3348 canum
1165 3294 1266 3364 prima,

159 3398 225 3434 mox
286 3384 407 3438 nubibus
442 3384 499 3438 illis
517 3384 621 3438 solibus
638 3382 695 3436 ulla
732 3380 982 3449 dumdeditomne
1016 3382 1223 3450 volucrumque,

160 3469 228 3522 atris
426 3469 692 3541 Comparebatavis‚
729 3466 862 3536 ferarum
876 3507 980 3523 ......
1052 3470 1208 3536 oviumque,

142 3553 239 3609 Fluxit
279 3556 407 3612 deficiens
442 3577 493 3614 nec
510 3559 602 3613 tristia
620 3558 693 3612 secla
712 3556 777 3612 496:
790 3557 856 3610 hinc
866 3556 979 3612 canibus
1015 3558 1163 3624 boumque,

159 3658 251 3708 penna
297 3644 408 3698 labente
442 3645 563 3700 ferarum
729 3645 839 3699 blandis
889 3643 979 3698 rabies
998 3645 1085 3710 Inque
1094 3643 1161 3696 feris
1180 3642 1266 3695 subiti

160 3729 293 3784 volueris:
426 3734 549 3787 Exibant
568 3733 692 3788 silvis..
730 3733 807 3786 venit
824 3771 979 3786 ........
1016 3731 1152 3800 deprensa
1168 3735 1265 3799 poten·

141 3815 209 3870 Inde
232 3815 308 3870 ferae
332 3818 408 3872 silvis
444 3839 585 3874 ....eum
594 3820 692 3889 primis
864 3807 867 3816 ⁵
1014 3820 1054 3872 tia
1071 3818 1172 3872 morbi.
1189 3859 1212 3870 ..

44 3958 49 3964 ,
161 3905 258 3958 sterni:
285 3909 343 3958 tum
442 3907 498 3962 fida
516 3925 614 3962 canum
633 3907 675 3962 vis

161 4034 168 4047 .
190 4034 195 4046 .
215 4015 221 4049 :
237 4033 406 4048 .........
426 3995 519 4049 Strata
549 3994 601 4046 viis
635 3994 693 4046 ani·

443 4099 517 4136 marn
529 4081 652 4149 ponebat
664 4080 693 4132 in

444 4169 572 4223 omnibus
591 4185 680 4237 aegre.
