3096 4880
369 497 463 566 Silius.
933 509 1075 566 Moenus.

152 631 330 688 Grandaevos
358 651 477 703 rapuere
502 649 597 692 senes:
620 636 681 687 tum
739 631 878 699 Fletibus,
895 636 944 686 aut
960 632 1060 702 patrii,
1085 631 1185 687 dubiae
1203 631 1270 687 dum

187 719 262 774 crine
279 721 371 776 soluto
775 724 842 776 vota
860 718 949 774 Saluti

151 808 228 862 Ante.
237 808 330 878 agitur
342 807 455 879 conjux:
479 809 578 866 dextra
590 809 681 864 laeva·
741 808 937 878 Conciperent,
965 812 1079 863 tenuere
1104 807 1190 864 lares:
1218 825 1270 864 nec

187 913 241 964 que
259 895 408 950 trahuntur
447 919 451 938 ι
776 896 873 949 limine
891 896 1037 966 quisquam

151 982 248 1050 Parvi,
269 1000 326 1038 non
344 1001 433 1060 aequp
456 985 620 1042 comitantes
638 999 682 1038 or·
741 983 839 1038 Haesit
859 987 889 1037 et
912 987 1037 1037 extremo
1064 985 1131 1037 tunc
1152 981 1272 1039 forsitan

186 1070 261 1138 dine,
279 1070 338 1125 nati

775 1069 853 1125 urbis
871 1075 980 1126 amatae

152 1158 199 1213 Sic
216 1161 315 1229 vulgus
332 1159 501 1228 traduntque
518 1164 610 1214 metus
622 1200 629 1213 .
639 1198 646 1213 .
658 1197 682 1213 ..

153 1333 178 1387 4.
204 1333 269 1388 569:
295 1333 489 1403 Incertumque
515 1333 570 1390 fuit
594 1335 682 1390 letum

188 1419 235 1474 cui
257 1421 369 1478 cederet
392 1424 501 1492 hastae,
520 1422 568 1492 qui
585 1439 682 1478 versus

188 1509 279 1563 dictus
306 1513 350 1563 est
377 1509 413 1564 de
438 1509 552 1566 homine
573 1509 684 1565 duobus

190 1596 278 1651 hastis
295 1597 440 1652 transfixo.

155 1686 179 1739 6.
212 1685 271 1741 140.
302 1685 441 1740 Turbidus
467 1688 579 1740 arentes
608 1684 684 1740 lento

190 1771 263 1841 pede
280 1773 370 1828 sulcat
387 1791 485 1829 arenas

155 1859 284 1930 Bagrada
295 1901 382 1915 .....

157 1949 181 2003 7.
200 1949 266 2004 364:
284 1964 368 2016 quam
385 1949 474 2005 multa
491 1948 578 2018 videt,
595 1948 685 2003 fervo·

191 2037 268 2091 ribus
286 2037 356 2091 atris

157 2125 248 2194 Quum
266 2125 396 2180 Calabros
413 2129 499 2182 urunt
516 2125 553 2180 ad
568 2123 687 2194 pinguia

190 2214 295 2281 pabula
312 2213 408 2281 saltus,

157 2300 270 2357 Vertice
282 2300 403 2371 Gargani
421 2300 546 2355 residens
559 2298 687 2356 incendia

192 2393 297 2460 pastor.

161 2745 185 2796 9.
205 2744 246 2799 18.
265 2741 302 2797 Ni
319 2741 377 2797 fors
391 2783 397 2795 .
410 2784 417 2797 .
431 2781 458 2796 ..
475 2741 641 2814 properanti
658 2739 688 2794 in

195 2828 253 2886 fata
270 2831 407 2898 negasset.

740 1160 841 1213 Plenus
859 1159 919 1214 abit
936 1159 1009 1212 visu:
1021 1158 1079 1212 ruit
1089 1157 1273 1214 irrevocabile

775 1247 884 1316 vulgus.

742 1335 767 1390 3.
785 1335 846 1389 589.
865 1333 903 1386 Et
925 1333 1004 1389 stetit
1026 1333 1148 1388 incertus
1172 1331 1272 1390 flueret

778 1437 833 1489 quo
852 1421 965 1476 vulnere
981 1422 1104 1493 sanguis,

743 1509 778 1564 de
796 1508 893 1564 eadem
910 1525 941 1563 re
960 1508 1057 1564 dictus.

743 1685 768 1739 4.
787 1684 853 1739 587:
1018 1701 1072 1753 qua
1092 1703 1121 1739 se

743 1771 872 1841 Bagrada
894 1770 984 1826 lentus
1007 1773 1078 1842 agit,
1107 1773 1196 1828 siccae
1219 1776 1273 1828 sul·

780 1863 858 1915 nator
875 1876 976 1914 arenae
990 1900 997 1912 .
1010 1900 1016 1914 .
1030 1900 1037 1914 .

745 1950 769 2004 9.
789 1949 860 2002 181.
874 1988 880 2000 .
894 1987 901 2000 .
915 1988 921 2000 .
939 1947 1018 2018 ignes
1038 1952 1155 2021 surgunt
1171 1992 1178 2006 .
1192 1990 1198 2002 .
1214 1990 1219 2003 .

745 2035 800 2104 Sic,
820 2035 869 2088 ubi
888 2033 1011 2103 depastis
1030 2037 1195 2092 submittere
1212 2054 1275 2107 gra·

780 2125 856 2178 mina
873 2125 979 2194 campis

745 2211 783 2264 nt
794 2228 929 2266 renovare
941 2228 1042 2282 parans
1054 2211 1186 2266 hibernas
1198 2211 1275 2282 Apu·

781 2300 824 2353 lus
841 2298 953 2368 herbas,

746 2388 813 2456 Igne
836 2385 912 2441 fovea
933 2390 1037 2456 terras,
1060 2387 1143 2441 simul
1160 2391 1190 2442 et
1207 2386 1274 2444 Gar·

781 2491 878 2544 genus,
895 2477 924 2528 et
940 2491 1008 2529 arva

746 2561 872 2618 Vulturis
899 2565 928 2615 et
950 2561 1034 2617 calidi
1060 2563 1154 2618 lucent
1176 2564 1276 2620 buceta

781 2650 890 2705 Matini.

746 2742 772 2795 8.
791 2739 852 2794 658.
870 2737 893 2791 O
911 2737 1002 2806 saevi,
1024 2742 1225 2808 properantem
1247 2741 1277 2794 in

781 2825 838 2881 fata
855 2824 971 2881 tenetis!

245 3038 428 3122 Postquam
461 3035 609 3102 narravit
641 3042 741 3122 poeta
772 3043 911 3118 uterque
940 3034 1063 3099 multos
1092 3034 1213 3101 milites
1243 3035 1277 3100 in

162 3166 274 3230 pugna
295 3139 438 3226 quadarn
460 3160 574 3206 caesos
596 3160 679 3221 esse,
701 3135 796 3203 addit

167 3300 266 3368 Silius,
285 3299 335 3353 lib.
353 3299 379 3353 9.
397 3315 423 3352 ν.
440 3297 505 3353 25οε
523 3311 557 3352 ac
573 3293 691 3369 pallenti

198 3388 287 3442 laetus
305 3387 335 3440 in
351 3383 426 3440 unda

163 3476 290 3532 Laxabat
313 3473 409 3530 sedem
426 3471 551 3528 venturis
569 3469 692 3541 portitor

198 3563 312 3618 umbris.

163 3655 190 3706 9.
212 3650 278 3706 245:
302 3655 331 3704 et
354 3665 385 3704 se
408 3663 576 3720 cognoscere
595 3645 608 3719 j
627 3649 693 3715 ctat,

165 3739 225 3806 Qua
234 3735 452 3792 daxtraveniant
460 3734 604 3791 stridentis
612 3733 694 3790 sibila

201 3826 252 3881 teli

165 3913 364 3981 Promittitque
380 3911 458 3982 viris,
475 3911 546 3965 nulli
557 3927 588 3967 se
599 3909 695 3966 defore

200 4005 310 4058 testem.

750 3292 894 3361 Lucanus,
911 3291 960 3347 lib.
978 3293 1004 3347 3.
1021 3310 1047 3346 v.
1063 3294 1108 3348 16:
1126 3293 1278 3362 Praeparat

785 3381 944 3435 innumeras
976 3396 1085 3451 puppes
1111 3380 1278 3436 Acherontis

787 3468 882 3524 adusti

750 3557 937 3613 Portitor...

752 3646 778 3701 7.
795 3646 856 3702 287.
880 3644 963 3714 Cujus
986 3661 1043 3699 non
1065 3644 1281 3700 militinensem

751 3731 929 3804 Agnoscam?
962 3733 1124 3802 coelumque
1159 3735 1281 3788 tremens

788 3838 852 3876 cum
868 3821 964 3874 lancea
981 3819 1090 3887 transit,

752 3909 853 3964 Dicere
870 3923 927 3962 non
938 3905 1028 3976 fallar,
1047 3923 1102 3976 quo
1120 3909 1159 3964 sit
1170 3907 1282 3965 vibrata

788 3996 902 4052 lacerto.

250 4191 323 4258 Nec
343 4211 448 4279 pauca
467 4212 485 4254 e
506 4187 634 4255 Lucani
653 4187 709 4253 lib.
732 4191 767 4270 9,
782 4211 811 4250 v.
829 4189 894 4258 450
908 4209 979 4274 sqq.
995 4186 1116 4256 hausta
1131 4186 1283 4253 videntur
