3096 4880
807 307 848 372 58

479 496 598 551 Turbari
615 495 724 550 facilem
742 497 879 548 mentem:
904 509 961 546 non
978 491 1077 546 ultima
1095 481 1188 546 rernm

479 586 518 642 Et
534 584 673 654 deplorati
691 583 870 636 mandassent
886 580 986 635 Martis
1005 579 1138 634 habenas.

266 706 383 773 Cicero
411 727 543 791 quoque
568 706 603 770 in
631 727 670 769 ea
692 704 857 784 oratioue,
885 723 952 786 qua
979 698 1017 764 C.
1040 699 1213 766 Rabirium
1235 697 1397 784 perduel-

265 810 365 876 lionis
387 831 478 874 reum
500 808 647 894 protexit
674 815 708 872 et
731 805 868 891 eripuit,
890 825 965 868 oum
987 801 1146 887 quiddam
1168 802 1267 888 paulo
1290 802 1400 866 confi-

265 911 397 978 dentius
408 909 558 994 dixisset,
574 911 762 993 clamorque
774 907 971 972 contionalis
983 913 1114 971 secutus
1126 913 1213 970 esset
1224 905 1312 990 (cap.
1326 907 1376 990 6.)
1388 931 1398 968 :

265 1013 362 1082 Nihil
388 1037 455 1098 me,
482 1014 605 1098 inquit,
632 1013 755 1078 elamor
782 1011 845 1076 iste
873 1016 1070 1087 eommovet3
1099 1006 1158 1073 sed
1184 1008 1398 1072 consolatur:

267 1141 341 1184 eum
363 1116 488 1182 indicat
509 1137 581 1180 esse
603 1114 765 1198 quosdam
780 1113 868 1180 cives
884 1111 1065 1196 imperitos,
1089 1109 1147 1176 sed
1168 1133 1235 1174 non
1257 1109 1396 1174 multos.

266 1220 475 1304 Numquam,
500 1217 582 1282 mihi
608 1216 747 1300 credite,
774 1215 917 1302 populus
943 1213 1113 1280 Romanus
1145 1211 1216 1296 hic,
1248 1212 1303 1276 hio
1335 1213 1401 1296 qui

269 1323 359 1406 silet,
387 1322 555 1388 consulem
580 1342 633 1384 me
657 1320 806 1402 fecisset,
836 1318 865 1383 si
890 1325 1001 1382 vestro
1025 1315 1239 1385 clamoreme
1262 1323 1398 1402 pertur-

270 1425 383 1492 batum
402 1425 444 1488 iri
457 1423 691 1488 arbitraretur.

356 1531 397 1611 7,
419 1527 634 1591 Manifestam
656 1547 728 1590 esse
749 1524 965 1588 imitationem
981 1521 1150 1588 Ciceronis
1166 1543 1281 1586 versus
1296 1525 1398 1589 20.—

269 1635 321 1700 26.
350 1630 426 1696 libri
453 1627 639 1694 duodecimi
664 1629 722 1692 vix
748 1628 924 1712 quisquam
951 1625 1097 1712 negabit.
1142 1624 1228 1692 Sunt
1249 1623 1336 1688 enim
1357 1622 1398 1686 hi

270 1756 400 1800 versus:

387 1869 453 1937 Quis
471 1869 577 1940 gelidas
595 1873 706 1923 suetum
723 1872 821 1922 noctes
839 1867 954 1921 thorace
972 1865 1096 1936 gravatis

387 1957 444 2012 Sub
463 1958 534 2012 Jove
551 1974 609 2009 non
627 1973 714 2024 aequo
733 1957 853 2023 trahere,
873 1958 902 2008 et
918 1954 1043 2008 tentoria
1060 1971 1144 2025 saepe

387 2045 533 2116 Spernere,
550 2044 599 2098 ubi
616 2043 734 2096 hiberna
750 2045 864 2096 ruerent
881 2059 944 2096 cum
962 2041 1097 2112 grandine
1116 2043 1212 2112 nimbi,

387 2134 427 2188 At
443 2150 478 2186 ne
496 2135 578 2186 nocte
596 2130 709 2201 quidem
727 2131 843 2198 clipeiue
862 2147 976 2184 ensesve
993 2130 1108 2200 reposti,

387 2220 451 2275 Non
468 2221 615 2288 pharetrae
634 2223 682 2273 aut
697 2218 802 2288 jacula,
825 2221 854 2271 et
871 2235 923 2287 pro
941 2219 1073 2272 membris
1093 2237 1169 2273 arma
1186 2218 1278 2286 fuere3

388 2309 467 2362 Tune
484 2325 569 2378 grave
587 2307 672 2361 cassis
692 2325 775 2374 onus,
793 2306 955 2376 majoraque
972 2306 1098 2375 pondera
1114 2305 1174 2360 visa

387 2395 559 2464 Parmarum,
578 2412 610 2448 ac
627 2394 711 2448 nullis
730 2394 807 2449 fusae
826 2393 993 2448 stridoribus
1011 2395 1116 2449 hastae.

275 2517 483 2600 Quibuscum
508 2514 659 2607 versibus
686 2537 856 2601 compares
878 2514 979 2580 verba
1001 2537 1085 2599 quae
1106 2525 1237 2584 exstant
1258 2516 1391 2582 Tuscul.

274 2630 400 2706 quaest.
423 2621 476 2705 II,
506 2624 556 2688 16.
578 2621 646 2688 sla
673 2615 792 2684 deinde
819 2619 877 2702 qui
898 2617 993 2682 labor
1015 2627 1048 2682 et
1069 2629 1213 2704 quantus
1236 2621 1389 2707 agminis:

185 2733 191 2743 '
273 2725 359 2790 ferre
379 2723 455 2810 plus
476 2721 640 2788 dimidiati
665 2723 786 2786 mensis
809 2719 947 2804 cibaria,
974 2721 1059 2787 ferre
1082 2722 1212 2808 siquid
1235 2723 1278 2788 ad
1299 2745 1393 2790 usum

273 2827 386 2912 velint,
408 2827 493 2892 ferre
507 2825 646 2904 vallum3
668 2848 743 2888 narn
759 2833 898 2907 scutum,
921 2823 1078 2910 gladium,
1101 2826 1228 2912 galeam
1248 2828 1283 2890 in
1299 2850 1393 2892 onere

273 2927 380 2996 nostri
400 2929 521 2996 milites
543 2951 608 2993 non
630 2928 705 3016 plus
726 2935 913 3010 numerant,
936 2949 1035 3012 quam
1056 2925 1222 3014 humeros,
1243 2930 1394 3012 lacertoS,

274 3054 404 3111 manus3
428 3055 518 3097 arma
533 3023 618 3096 enim
639 3028 784 3096 membra
803 3029 918 3095 militis
940 3051 1012 3096 esse
1034 3029 1162 3111 dicunt3
1185 3033 1394 3117 quiquidem

275 3134 324 3199 ita
344 3144 503 3222 geruntur
516 3139 617 3222 apte,
640 3142 694 3217 ut,
717 3134 746 3200 si
767 3156 847 3200 usus
869 3133 970 3218 ferat,
993 3133 1130 3219 abjectis
1153 3135 1317 3220 oneribus,
1339 3159 1394 3200 ex·

275 3236 397 3324 peditis
419 3239 519 3304 armis
540 3246 579 3302 ut
599 3236 754 3304 membris
776 3259 924 3322 pugnare
945 3237 1084 3322 possint.

361 3345 402 3426 8,
419 3339 462 3424 Q.
478 3339 616 3406 Fulvius
632 3339 748 3406 consul
763 3361 837 3402 erim
853 3335 1001 3426 Capuam
1016 3350 1250 3426 expugnasset,
1264 3342 1395 3424 Miloni,

276 3445 335 3530 qui
355 3445 482 3534 primus
504 3466 616 3510 muros
639 3440 855 3508 adscenderat
877 3464 1031 3507 eoronam
1051 3443 1208 3508 muralem
1232 3444 1318 3510 dono
1340 3444 1395 3509 de-

276 3548 335 3616 dit.
382 3546 483 3630 Quod
516 3546 618 3616 Silius
650 3545 706 3610 lib.
738 3549 792 3628 13,
820 3568 850 3610 v.
879 3547 952 3614 361.
983 3566 1055 3630 sqq.
1087 3555 1210 3612 narrat.
1254 3548 1343 3614 Hac.
1362 3570 1396 3612 re

275 3661 408 3738 poetam
430 3649 592 3716 adlusisse
611 3647 654 3713 ad
668 3647 839 3732 Milonem,
862 3668 959 3731 quem
982 3643 1097 3713 Cicero
1121 3635 1312 3716 defenderat
1329 3653 1397 3737 jam

279 3751 441 3821 Cellarius
464 3761 497 3819 et
519 3753 577 3820 alii
590 3759 797 3818 notaverunt.
843 3746 1003 3816 Conferas
1019 3751 1103 3816 enim
1118 3751 1174 3818 lib.
1193 3758 1244 3838 13,
1259 3778 1290 3819 v.
1306 3758 1396 3823 364:

464 3873 605 3954 Lanuvio,
623 3876 767 3944 generate,
785 3870 885 3942 inquit,
904 3886 987 3940 quem
1005 3870 1117 3943 Sospita
1135 3872 1209 3930 Juno

466 3963 522 4018 Dat
538 3962 633 4030 nobis,
652 3960 736 4028 Milo,
754 3999 843 4014 .....
846 3999 854 4028 ,

279 4093 312 4148 et
334 4081 503 4150 Ciceronis
525 4083 637 4170 verba,
658 4081 716 4168 qui
738 4103 798 4167 pro
819 4079 946 4146 Milone
968 4085 1017 4149 ll.
1033 4084 1084 4150 45.
1108 4105 1182 4151 eum
1205 4083 1398 4150 dictatorem

279 4185 488 4253 Lanuuinum
504 4187 659 4272 appellat,
681 4183 761 4270 quia
775 4181 919 4250 Lanuvii
940 4193 1037 4251 natus
1053 4193 1134 4250 erat.
1168 4185 1201 4249 A
1217 4187 1400 4252 Lanuvinis
