3096 4880
802 248 842 314 72

268 429 391 518 τέμενος
413 430 469 498 ναί
489 428 640 518 χρώμενος
660 434 815 519 τολμηρῶς
835 429 890 498 καί
912 421 1091 519 παραβόλως
1112 433 1212 523 {accc}
1226 431 1312 500 καταὶ
1332 431 1387 500 τὸν

269 537 324 600 τοῦ
346 531 482 600 κινδύνου
502 531 609 622 καιρὸν
631 535 801 622 ἐρρωμένως
823 534 875 602 τὸν
895 533 958 618 βίον
979 533 1177 624 μετήλλαξεν.
1255 541 1258 544 ’

355 641 397 720 2.,
419 635 577 722 Ejusdem
599 637 676 703 libri
698 660 746 704 vs.
775 641 847 707 146.
871 659 942 722 sqq.
966 635 1069 706 Silius
1083 637 1329 710 Hasdrubalem
1351 647 1386 702 et

271 739 429 804 acriorem
456 748 489 804 et
515 743 661 826 pejorem
688 739 861 826 describit,
889 764 989 826 quam
1016 741 1072 806 alii
1095 742 1283 828 scriptores.
1327 738 1386 808 Sic

271 841 355 905 enirn
377 841 495 907 tradit:

458 980 669 1050 Baeticolasque
686 981 763 1035 viros
779 979 858 1036 furiis
876 981 1001 1052 agitabat
1018 981 1131 1051 iniquis.

459 1067 562 1122 Tristia
580 1069 665 1124 corda
682 1067 770 1138 ducis,
788 1067 870 1122 simul
887 1067 1102 1128 immedicabilis
1120 1069 1170 1139 ira,

458 1155 496 1208 Et
512 1155 618 1209 fructus
636 1155 716 1225 regni
733 1154 829 1210 feritas
847 1160 920 1210 erat:
939 1175 1020 1227 asper
1037 1175 1132 1212 amore

460 1242 616 1313 Sanguinis,
633 1246 663 1297 et
678 1242 766 1298 metui
777 1242 889 1298 demens
907 1243 1039 1299 credebat
1049 1245 1198 1314 honorem;

458 1329 517 1385 Nec
534 1335 601 1386 nota
618 1330 717 1386 docilis
734 1349 825 1406 poena
842 1331 943 1386 satiare
960 1332 1078 1388 furores.

272 1469 390 1536 Livius
422 1455 588 1536 contraria
615 1469 697 1537 dicit
722 1471 779 1536 lib.
806 1476 867 1556 21,
896 1495 966 1559 cap.
994 1476 1042 1541 2.;
1068 1473 1097 1538 is
1125 1472 1222 1559 plura
1249 1473 1386 1539 consilio

272 1594 372 1657 quam
392 1573 426 1638 vi
447 1595 563 1660 gerens
589 1574 745 1661 hospitiis
765 1575 871 1662 magis
898 1575 1087 1662 regulorum
1109 1573 1387 1660 conciliandisque

272 1697 330 1760 per
359 1675 536 1741 amicitiam
563 1677 749 1764 principum
780 1677 875 1743 novis
901 1677 1055 1764 gentibus
1082 1699 1182 1762 quam
1208 1677 1295 1742 bello
1328 1687 1386 1743 aut

272 1778 371 1844 armis
394 1801 462 1844 rem
485 1777 789 1867 Carthaginiensem
810 1780 912 1844 auxit.
957 1779 1116 1868 Polybius
1139 1787 1249 1845 autem
1275 1780 1332 1845 lib.
1355 1785 1387 1864 3,

271 1903 344 1967 cap.
367 1883 398 1965 8,
421 1883 449 1966 ᾗ.
468 1887 496 1951 1.
510 1881 593 1948 haec
612 1881 726 1948 habet:
745 1882 862 1964 Φάβιος
883 1883 918 1948 δέ
931 1904 1019 1970 φησιν
1034 1878 1236 1970 ὁῬωμαίκδς
1256 1903 1386 1969 συγγρα-

271 1980 345 2070 φεὺς
367 1981 436 2071 ἅμα
457 1989 501 2076 τῷ
526 1983 612 2052 κατὰ
639 1985 863 2063 Ζακανδαίονς
894 1981 1065 2072 ἀδικήματι
1086 1983 1142 2053 καί
1168 1981 1226 2074 τὴν
1243 1981 1388 2070 Ἀσδρού-

273 2089 326 2166 βαν
348 2086 521 2168 πλεονεξίαν
534 2086 591 2154 καί
612 2087 776 2176 φιλαρχίαν
790 2086 892 2156 αἰτίαν
912 2089 1057 2171 ascesa
1078 2093 1130 2155 roi
1152 2084 1220 2157 κατ’
1241 2083 1387 2184 Ἀννίβαν

272 2189 412 2276 πολέμου.
457 2189 589 2272 Quibus
609 2213 651 2256 ex
671 2190 793 2276 verbis,
815 2214 890 2256 cum
905 2191 993 2279 apud
1008 2191 1142 2256 Livium
1154 2191 1219 2257 nisi
1240 2191 1298 2255 illo
1313 2191 1386 2256 loco

273 2313 436 2376 nusquam
468 2290 510 2358 de
541 2291 753 2360 Hasdrubale
789 2302 924 2380 agatur,
963 2293 1097 2377 Silium,
1134 2302 1173 2357 ut
1203 2293 1389 2358 Romanum

273 2393 394 2460 Poenis
416 2395 570 2461 infestum
598 2420 637 2462 ea
663 2394 907 2484 deprompsisse
928 2418 1117 2462 censeamus
1142 2396 1221 2461 licet
1247 2417 1332 2480 quae
1353 2397 1388 2461 in

274 2498 419 2584 pejorem
450 2507 578 2586 partem
611 2500 717 2587 accipi
748 2507 911 2587 poterant.
965 2499 1054 2564 Nam
1083 2497 1125 2580 Q.
1159 2497 1300 2565 Fabium
1332 2499 1388 2564 Pi-

274 2608 410 2685 ctorem,
432 2602 490 2687 qui
511 2624 648 2690 graecos
670 2603 819 2668 condidit
846 2602 979 2668 annales
1001 2603 1110 2690 ipsum
1131 2601 1252 2666 lectum
1274 2624 1347 2667 csse
1368 2626 1408 2666 a.

274 2701 357 2770 Silio
380 2727 445 2769 non
467 2713 518 2772 est
532 2704 623 2790 quod
637 2705 818 2772 credamus.
861 2705 1036 2791 Nusquam
1058 2705 1144 2770 enim
1166 2702 1255 2791 apud
1270 2703 1389 2772 Silium

273 2804 372 2890 hujus
394 2807 495 2874 fontis
521 2807 671 2900 primarii
694 2809 836 2895 vestigia
862 2795 1024 2896 apparent
1044 2830 1149 2893 neque
1171 2806 1388 2873 demonstrari

274 2915 386 2994 potest
417 2907 537 2977 Silium
568 2911 603 2976 in
631 2911 804 2978 scribendo
832 2911 974 2977 carmine
1005 2909 1093 2975 hunc
1126 2932 1197 2976 esse
1230 2918 1387 2976 secutum.

273 3009 363 3076 Nolo
380 3020 489 3077 tamen
503 3015 764 3101 praetermittere
777 3015 954 3103 Polybium
969 3035 1101 3099 quoque
1122 3011 1164 3077 de
1179 3012 1389 3079 Hasdrubale

271 3112 395 3198 justius
419 3113 587 3200 judicasse
612 3116 669 3183 lib.
690 3120 728 3202 2,
755 3140 827 3206 cap.
853 3122 913 3202 36,
940 3118 969 3202 ξ.
998 3121 1043 3184 2.ι
1071 3111 1127 3202 οὐχ
1154 3113 1232 3183 οὕτω
1259 3113 1310 3182 διὰ
1331 3117 1388 3182 τῶν

274 3215 423 3302 πολεμίων
444 3219 537 3304 ἔργων
559 3215 599 3297 ὦς
619 3217 672 3288 διά
693 3223 752 3308 τῆς
772 3219 845 3307 πρὸς
866 3219 936 3298 τοὺς
958 3217 1111 3298 δυνάστας
1132 3214 1263 3306 ὁμιλίας.

240 3381 244 3389 .
360 3323 409 3404 3.,
437 3320 478 3385 In
503 3321 692 3388 narratione
718 3320 759 3387 de
786 3332 891 3388 morte
919 3321 1142 3388 Hasdrubalis
1170 3320 1273 3389 Silius
1300 3327 1389 3385 certo

276 3430 407 3508 praeter
429 3423 562 3490 Livium
587 3423 688 3489 etiam
708 3423 886 3511 Polybium
912 3431 1044 3490 secutus
1066 3432 1127 3490 est.
1170 3423 1260 3489 Nam
1281 3423 1391 3486 Livias

276 3533 388 3590 narrat
414 3526 471 3592 lib.
498 3530 555 3612 21,
582 3549 653 3613 cap.
680 3530 728 3594 2.;
754 3526 915 3592 barbarus
941 3525 1027 3591 enim
1052 3526 1188 3611 quidam
1207 3528 1322 3613 palam
1348 3525 1391 3590 ob

277 3627 361 3694 iram
383 3629 547 3695 interfecti
569 3629 610 3695 ab
633 3651 671 3694 eo
693 3617 819 3694 domini
841 3629 1064 3695 obtruncat..
1083 3655 1132 3710 ..3
1155 3628 1259 3697 Silius
1283 3637 1391 3694 autem

278 3730 335 3796 lib.
361 3737 389 3816 1,
411 3758 442 3798 v.
466 3733 537 3802 165.
561 3731 657 3796 dicit:

448 3869 535 3936 Quem
553 3872 700 3939 postquam
718 3869 781 3925 diro
799 3885 963 3939 suspensum
981 3871 1083 3926 robore
1101 3869 1172 3924 vidit

448 3957 609 4012 Deformem
626 3958 677 4014 leti
693 3956 821 4027 famulus,
839 3957 910 4014 elom
928 3958 1043 4029 corripit
1061 3974 1157 4012 ensem

448 4043 588 4098 Dilectum
605 4045 732 4116 domino,
755 4046 908 4117 pernixque
925 4045 1058 4116 irrumpit
1073 4046 1105 4101 a'a
1123 4046 1224 4111 aulam,

449 4131 540 4200 Atque
558 4131 664 4190 immite
681 4133 747 4190 ferit
763 4135 903 4206 geminato
926 4135 1040 4190 vulnere
1058 4138 1161 4203 pectus.
1215 4201 1218 4208 1
