3096 4880
655 311 702 378 33

124 492 249 559 Miseni
277 494 417 558 cadaver
445 495 478 558 in
506 495 601 560 litore
629 497 797 562 inventum
825 503 943 568 exurit.
988 503 1105 591 Neque
1129 509 1242 595 negari

124 604 236 680 potest
259 597 381 663 similes
404 618 476 662 esse
498 597 574 662 illos
596 620 725 678 versus;
748 609 825 666 sunt
846 604 932 668 euim
955 603 1004 672 hi:

578 717 648 772 Tum
662 720 742 789 jussu
759 721 888 793 Sibyllae,

277 805 360 859 Haud
377 821 463 873 mora,
481 805 614 860 festinant
630 805 741 876 fientes3
759 827 891 879 aramque
909 810 1030 884 sepulcri

279 892 437 962 congerere
459 893 605 947 arboribus
624 895 756 964 coeloque
774 896 891 953 educere
909 907 1026 964 certant,

278 979 339 1034 ltur
355 979 385 1033 in
403 980 546 1048 antiquam
563 982 670 1050 silvam,
689 984 798 1039 stabula
815 986 873 1040 alta
889 986 1024 1044 ferarum:

280 1067 469 1121 Procumbunt
492 1068 599 1137 piceae:
630 1073 712 1124 sonat
734 1072 790 1125 icta
813 1075 956 1130 securibus
979 1077 1045 1148 ilex,

279 1153 486 1222 Fraxineaeque
503 1157 611 1210 trabes:
635 1158 729 1212 cuneis
748 1163 777 1213 et
793 1159 879 1214 fissile
894 1164 992 1232 robur,

281 1241 431 1295 Scinditur:
456 1241 610 1299 advolvunt
632 1244 759 1316 ingentes
780 1239 927 1303 montibus
947 1270 1039 1309 ornos.

125 1346 196 1413 Sed
210 1345 298 1432 apud
312 1345 455 1411 Ennium
471 1368 603 1432 quoque
618 1348 685 1412 fere
702 1348 806 1414 cidem
829 1363 961 1420 exstant
976 1381 1092 1430 versus
1107 1386 1191 1449 quos
1200 1365 1248 1436 de

126 1473 210 1535 rogo
239 1446 438 1514 exstruendo
468 1471 539 1514 esse
566 1448 674 1516 dictos
701 1447 884 1522 Vahlenius
911 1443 994 1547 pag.
1010 1461 1088 1529 LII.
1116 1464 1249 1536 demon.

127 1552 255 1618 stravit.
299 1550 386 1618 Sunt
409 1559 519 1616 autem
540 1549 575 1615 hi
598 1553 645 1636 (v.
671 1558 741 1622 193.
755 1559 858 1644 sqq.):

278 1671 415 1728 Incedunt
433 1672 548 1726 arbusta
565 1689 617 1740 per
635 1673 699 1742 alta,
720 1677 863 1731 securibus
883 1682 1010 1752 caedunt,

278 1759 440 1814 Percellunt
457 1775 572 1828 magnas
591 1778 721 1830 quercus,
741 1763 877 1820 exciditur
894 1769 959 1840 ilex,

279 1846 416 1900 Fraxinus
434 1845 574 1913 frangitur
591 1853 674 1915 atquc
692 1850 769 1904 abies
788 1857 976 1912 consternitur
997 1861 1061 1932 alta,

280 1933 366 1986 Pinus
384 1950 516 2002 proceras
534 1940 712 2001 pervertunt:
731 1955 814 1994 omne
832 1945 950 2000 sonabat

280 2019 435 2073 Arbustum
452 2017 564 2074 fremitu
583 2022 664 2076 silvai
682 2022 833 2084 frondosei.

129 2125 230 2190 Certo
257 2123 360 2209 igitur
386 2131 520 2207 constat
540 2125 684 2192 Ennium
708 2127 771 2196 hoc
796 2133 886 2220 loco,
912 2148 950 2203 ut
977 2144 1118 2230 saepius,
1143 2153 1250 2234 praei·

127 2229 215 2294 visse
237 2225 404 2312 Vergili03
432 2229 602 2310 quaeritur
624 2239 734 2296 utrum
758 2257 798 2298 ex
819 2237 945 2326 Ennio,
972 2265 1076 2310 an‘ex
1099 2251 1250 2339 Vergilio

128 2330 275 2396 hauserit
298 2328 409 2396 Silius.
456 2327 563 2412 Quam
587 2337 826 2423 quaestionem,
849 2363 923 2408 cum
945 2346 1010 2411 aliu
1033 2348 1075 2414 ad
1096 2351 1250 2443 Ennium,

126 2434 192 2498 alia
214 2430 256 2496 ad
270 2431 455 2517 Vergilium
470 2435 665 2521 pertineant,
688 2439 735 2504 ita
757 2441 909 2509 facillime
930 2447 972 2512 ad
993 2451 1155 2536 liquidum
1177 2483 1251 2546 per-

127 2536 204 2600 duci
231 2557 329 2620 posse
361 2557 493 2620 censeo,
527 2545 565 2600 ut
591 2547 731 2624 utroque
764 2554 863 2630 poeta
897 2547 1016 2616 Silium
1050 2578 1121 2622 esse
1153 2583 1272 2628 usum.

125 2639 294 2704 faciamus.
347 2635 506 2704 conferas
519 2641 521 2646 ’
534 2641 620 2704 enim
646 2641 724 2708 hoc:
757 2645 982 2716 Recensentur
1008 2655 1069 2722 hae
1096 2662 1249 2732 arbores:

233 2740 320 2826 apud
341 2739 498 2804 Ennium.-
520 2742 596 2826 ilex,
619 2767 770 2833 quercus,
792 2751 900 2836 pinus,
922 2755 1082 2844 fraxinus,
1105 2763 1205 2833 abies.

233 2843 321 2928 apud
335 2841 467 2908 Silium:
482 2844 558 2927 ilex,
574 2868 724 2934 quercus,
740 2851 847 2938 pinus,
863 2893 905 2904 -
916 2883 1080 2948 -ornus,
1096 2868 1250 2956 pupulus,

127 2967 324 3032 cupressus.
341 2993 348 3008 .
366 2994 373 3009 .

234 3047 322 3132 apud
352 3047 537 3134 Vergilium.-
559 3050 640 3136 ilex,
658 3089 697 3102 —-
712 3093 756 3103 --
770 3058 937 3146 fraxinuS,
955 3103 999 3113 —-
1021 3091 1121 3138 ornus
1143 3112 1185 3122 —
1207 3113 1249 3126 -

127 3150 238 3232 robur,
261 3149 363 3234 picea.

137 3257 139 3262 ’
212 3251 319 3316 Porro
341 3275 512 3340 compares
533 3256 619 3321 inter
641 3281 675 3324 se
698 3259 759 3327 hos
781 3287 910 3330 versus:

233 3355 321 3439 apud
347 3355 480 3422 Silium:
509 3369 604 3424 sonat
626 3370 701 3426 acta
723 3363 856 3450 bipenni
879 3369 1045 3455 frondosis
1066 3379 1147 3442 silua
1180 3382 1247 3446 alta

162 3457 264 3541 jugis,⁸
848 3533 850 3536 .

234 3560 322 3644 apud
344 3561 501 3628 Ennium:
523 3589 617 3638 cume
640 3570 778 3636 sonabat
794 3573 980 3643 Arbustum
1001 3580 1135 3646 fremitu
1155 3585 1251 3676 sileat

166 3667 350 3746 frondosam

233 3773 320 3855 apud
350 3771 535 3856 Vergilium:
558 3782 654 3840 sonat
675 3776 741 3841 icta
762 3780 931 3850 securibus
954 3782 1029 3850 ilex.

200 3873 300 3938 Tum:

230 3977 319 4061 apud
330 3973 463 4042 Silium:
474 3977 649 4046 Decolvuct
660 4005 789 4068 quercus
800 3993 833 4048 et
844 3995 1005 4052 amantem
1017 3990 1115 4057 litora
1121 3996 1248 4081 picum,

232 4081 320 4166 apud
330 4079 488 4144 Ennium.-
504 4081 692 4148 Percellunt
707 4109 843 4173 magnas
859 4111 988 4175 quereus
1001 4141 1009 4158 .
1060 4097 1155 4183 pinca
1171 4122 1248 4186 pro·

169 4205 260 4249 ceras
277 4183 474 4269 pervolvunt.
979 4201 980 4204 ’

1027 4302 1044 4354 3
