3096 4880
604 356 607 368 ,
653 296 695 363 29

201 485 262 566 lt,
285 481 398 549 Variis
421 481 498 548 libri
519 479 706 545 duodecimi
728 480 810 546 locis
834 481 1002 546 Hannibal
1024 480 1137 566 copias
1160 501 1236 546 suas

116 585 251 672 Capuae
277 585 409 649 luxuria
436 580 792 667 vitiisqueenervatas
814 572 971 669 in‘crepat.
1017 581 1237 648 Conseruntur

115 689 201 754 enim
222 687 312 753 illius
334 686 411 752 libri
436 708 552 752 versus
580 690 722 771 68-81,
749 684 867 750 deinde
888 689 1071 766 204—2093
1097 685 1238 770 denique

114 795 294 861 282-292.
339 790 380 854 In
408 789 508 856 simili
538 811 647 856 rerum
674 812 801 855 conexu
833 811 965 856 versum
990 789 1094 856 fnisse
1120 809 1236 854 censeo

113 894 214 960 Ennii
235 894 339 978 (inter
359 893 422 956 inc.
445 891 513 958 sed.
536 892 619 978 frag.
641 915 674 957 v.
695 895 803 978 erla:

279 1011 397 1067 Pandite
415 1013 494 1066 stulti
511 1027 597 1082 genas
615 1017 644 1067 et
662 1011 746 1067 corde
762 1012 914 1082 relinquite
933 1027 1068 1067 somnum.

115 1118 338 1185 Conseruntur
366 1117 452 1181 enim
473 1125 508 1182 et
533 1115 583 1182 illi
604 1139 719 1185 versus
741 1116 832 1201 Silii,
853 1115 974 1202 quibus
997 1139 1112 1212 somno
1133 1116 1238 1202 potis-

113 1221 234 1289 simum
256 1227 289 1285 et
310 1221 386 1286 vino
408 1219 506 1286 nimis
527 1220 704 1287 indulsisse
724 1219 922 1286 Hannibalis
945 1220 1059 1306 copias
1082 1219 1179 1304 dicit,
1201 1226 1239 1283 ut

132 1341 182 1397 lib.
201 1341 244 1395 11.
261 1341 322 1398 398.
357 1344 487 1412 amplexu
504 1341 649 1411 multoque
665 1357 742 1396 mero
763 1357 915 1411 nemoque
933 1339 1058 1396 virorum

358 1428 534 1500 profligando
550 1429 638 1497 acies3

132 1517 181 1572 lib.
200 1517 241 1571 11.
259 1517 320 1572 418.
356 1516 481 1571 mollitae
499 1515 617 1570 flammis
636 1516 766 1585 lymphae
781 1516 944 1586 languentia
961 1531 1066 1586 somno!

356 1603 484 1659 Membra
499 1603 604 1658 fovent.

132 1693 181 1748 lib.
199 1694 242 1750 12.
261 1694 304 1748 19.
547 1691 627 1746 molli
644 1691 712 1744 luxu
730 1688 885 1746 madefacta
902 1707 1034 1759 meroque

335 1777 478 1834 Illecebris
497 1778 747 1849 somnitorpentia
764 1779 890 1831 membra
907 1777 1038 1830 fluebant,

113 1899 171 1967 Ad
193 1923 292 1986 quam
315 1921 384 1963 rem
405 1898 547 1963 fortasse
568 1896 757 1964 referendus
780 1906 831 1964 est
852 1898 908 1962 ille
929 1920 1045 1964 versus
1067 1896 1238 1965 Ennianus

113 2004 238 2090 (291.>=

327 2119 408 2174 Nune
425 2120 514 2174 hostis
532 2122 597 2198 uino
616 2121 717 2176 domiti
738 2139 890 2191 somnoque
908 2121 1019 2191 sepulti.

203 2229 270 2309 15.‚
298 2223 449 2312 Syphax,
476 2247 534 2288 rex
562 2226 830 2312 opulentissimus
856 2225 1095 2313 Massyliorum
1124 2248 1237 2310 quam·

115 2352 214 2415 quam
236 2326 352 2393 foedus
379 2351 453 2392 cum
477 2326 631 2414 Scipione
657 2328 790 2412 fecerat,
812 2337 930 2414 postea
950 2337 1060 2394 tamen
1083 2328 1183 2393 ducta
1204 2329 1238 2392 in

114 2431 360 2496 matrimonium
387 2430 609 2498 Hasdrubalis
637 2429 706 2494 filia
731 2428 774 2494 ad
799 2429 929 2497 Poenos
956 2430 1121 2508 desciscit.
1171 2429 1239 2499 Sed

114 2533 219 2620 copiis
248 2535 319 2619 ejus
347 2534 454 2619 prima
479 2555 591 2620 pugna
620 2533 744 2619 fugatis
771 2534 955 2618 castrisque
976 2534 1119 2601 incensis
1141 2535 1238 2600 vivus

113 2639 244 2724 capitur
265 2645 299 2701 et
320 2636 451 2702 vinctus
474 2635 517 2700 ad
531 2635 721 2722 Scipionem
736 2632 878 2700 ducitur.
923 2636 1022 2702 Hanc
1043 2659 1113 2701 rem
1135 2635 1237 2704 Silius

113 2738 170 2803 lib.
195 2743 246 2824 17,
267 2763 298 2804 v.
323 2741 394 2807 139.
419 2761 491 2823 sqq.
515 2739 563 2805 sic
584 2747 711 2803 narrat:

373 2916 419 2929 ...
439 2878 500 2929 tum
517 2876 610 2931 vincla
627 2876 687 2930 viro
706 2874 883 2944 manicaeque
902 2917 951 2931 ...

243 2961 367 3030 Addita,
386 2965 423 3030 et,
441 2963 598 3032 exemplum
615 2980 672 3017 non
689 2979 811 3033 unquam
828 2961 915 3016 fidere
932 2963 1022 3031 laetis,

253 3049 437 3119 Sceptriferas
455 3053 516 3103 arta
532 3051 639 3122 palmas
658 3051 773 3106 vinxere
791 3054 896 3106 catena.

255 3138 373 3193 Ducitur
390 3154 425 3192 aa
442 3138 501 3192 alto
519 3137 641 3206 (16166166
660 3139 775 3192 culmine
793 3139 882 3208 requi,

255 3225 308 3293 Qui
325 3225 409 3280 modo
429 3226 481 3280 snb
499 3225 618 3296 pedibus
636 3229 734 3293 terras,
753 3229 782 3280 et
799 3229 917 3296 sceptra,
934 3230 1088 3296 patensque

207 3373 210 3387 ‚
254 3313 353 3368 Litora
370 3314 406 3368 ad
424 3312 527 3368 Oceani
544 3313 596 3366 snb
614 3317 685 3366 nutu
702 3313 812 3368 viderat
830 3330 942 3383 aequor.

116 3454 181 3520 His
220 3463 328 3519 autem
366 3475 440 3519 cum
473 3453 623 3520 versibus
661 3476 830 3539 compares
863 3453 1031 3520 Ennianos
1069 3451 1235 3536 reliquias,

115 3557 164 3641 (v.
186 3559 295 3642 316·)=

506 3660 652 3715 mortalem
670 3677 809 3716 summum
826 3659 938 3716 fortuna
954 3664 1070 3729 repente

280 3747 416 3802 Reddidit
438 3763 453 3801 e
472 3765 579 3802 summo
597 3765 693 3818 reguo,
711 3755 743 3803 ut
759 3749 846 3804 famul
862 3748 974 3802 infimus
986 3751 1074 3800 esset.

116 3851 300 3921 Vahlenius
326 3850 475 3936 quidem,
502 3852 560 3936 qui
588 3850 629 3915 de
653 3852 716 3917 hac
738 3876 773 3916 re
800 3875 876 3938 pag.
904 3849 1054 3916 LXVII.
1082 3848 1238 3916 disseruit

115 3957 176 4023 hos
204 3976 321 4022 versus
349 3952 391 4018 ad
418 3953 508 4017 illam
535 3955 716 4018 orationem
743 3954 864 4018 referre
889 3953 962 4016 vult
985 3975 1051 4037 qua
1071 3952 1239 4018 Hannibal

8 4091 10 4096 ·
116 4057 303 4146 Scipionem
333 4056 486 4122 hortatur
518 4077 558 4120 ue
595 4055 691 4122 nimis
724 4056 875 4122 fortunae
908 4054 1029 4119 credat.
1080 4054 1238 4121 Conferas

115 4161 200 4226 enim
223 4161 357 4227 Livium
379 4158 436 4225 lib.
458 4160 516 4244 30,
546 4180 617 4244 cap.
640 4161 698 4226 30:
721 4159 864 4243 „melior
885 4157 1053 4244 tutiorque
1076 4167 1126 4225 est
1148 4165 1238 4223 certa
