3096 4880
867 247 909 310 50

326 451 457 504 tenuem
475 443 522 500 et
539 435 717 520 vulgarem>
736 433 919 522 orationem
945 432 1090 496 futuram
1102 455 1199 517 esse,
1226 434 1256 499 si
1276 433 1363 500 nihil
1387 459 1453 500 am-

326 541 413 628 plius
443 543 541 624 quam
570 537 633 602 hoc
661 536 815 604 dixisset:
842 535 1061 600 Hannibalem
1085 535 1269 602 decrevisse
1295 539 1352 602 vel
1376 561 1452 603 con-

326 643 483 708 stituisse.
527 641 619 728 Ergo
643 639 725 704 bene
747 660 871 702 memor
892 637 1031 704 rationis
1046 637 1253 723 Homericae,
1275 663 1364 724 quae
1385 645 1453 727 jam

326 747 393 811 fere
415 747 449 810 in
465 752 647 810 ceterorum
663 749 834 828 poetarum
857 739 1125 810 consuetudinem
1149 741 1284 826 abierat,
1299 741 1453 808 Deorum

326 848 542 913 ministerium
570 855 603 910 ct
631 867 726 930 opem
755 841 954 926 usurpandi,
982 842 1040 909 ubi
1066 842 1221 911 heroibus
1249 869 1301 930 res
1325 846 1453 912 arduae

324 953 378 1016 vel
399 948 596 1036 cogitandae
615 947 669 1012 vel
690 943 905 1031 perficiendae
927 954 1052 1028 essent,
1074 945 1098 1012 J
1101 970 1194 1012 ovem
1215 947 1371 1034 advocat,
1396 950 1453 1034 qui

325 1054 493 1120 Mercurio
521 1051 621 1117 misso
649 1047 871 1116 Hannibalern
904 1045 946 1115 ad
978 1047 1100 1115 bellum
1133 1059 1248 1114 contra
1279 1050 1451 1116 Romanos

324 1143 586 1244 persequendum
614 1152 743 1218 excitet.
788 1148 864 1214 Hoc
892 1149 991 1220 modo
1020 1151 1062 1216 ad
1089 1145 1199 1218 varios
1227 1163 1366 1219 ornatus
1396 1177 1450 1218 ex-

324 1255 496 1346 plicandos
511 1256 566 1320 via
580 1253 708 1322 munita
721 1259 802 1334 erat,
825 1253 994 1336 atqueim
1016 1276 1146 1320 carmen
1166 1256 1334 1341 poeticum
1360 1258 1450 1322 colo·
1517 1297 1518 1346 ;

324 1385 393 1427 rem
414 1364 578 1440 traxerat,
601 1355 675 1439 qui,
704 1353 733 1420 si
754 1354 845 1422 nulla
868 1355 1003 1438 aliare,
1027 1363 1136 1422 tamen
1161 1360 1362 1424 auctoritate
1386 1360 1450 1425 sal-

324 1473 390 1528 tem
405 1458 598 1540 Homerica
616 1465 649 1522 et
665 1455 902 1536 consuetudine
916 1459 1110 1544 Vergiliana
1125 1483 1159 1525 se
1173 1462 1260 1526 tueri
1281 1465 1450 1548 poterat.“

324 1564 393 1632 Sed
412 1563 477 1639 hoc
498 1562 573 1632 loco
586 1581 691 1643 neque
714 1559 894 1628 auctoritas
914 1560 1092 1626 Homerica
1113 1585 1217 1647 neque
1240 1565 1447 1632 consuetudo

323 1667 518 1754 Vergiliana
534 1685 617 1748 opus
640 1669 717 1730 sunt
741 1659 783 1724 ad
805 1661 1026 1730 excusandam
1045 1663 1119 1730 Silii
1139 1665 1321 1746 fictionem3
1347 1669 1447 1732 immo

323 1771 388 1836 hoc
409 1765 620 1838 Hannibalis„
636 1763 797 1834 somnium
818 1787 884 1832 nou
905 1763 1021 1832 fictum
1042 1790 1061 1832 a
1083 1765 1186 1852 Sili0,·
1205 1768 1263 1834 sed
1284 1771 1447 1836 traditum

324 1895 395 1938 csse
417 1871 460 1935 ab
484 1869 530 1938 eis
554 1865 770 1952 scriptoribus
793 1866 905 1950 quide
921 1866 1108 1934 Hannibale
1122 1871 1345 1957 scripseruntq
1370 1898 1446 1938 con·

323 1984 399 2040 stat.
449 1972 501 2038 Ut
534 1971 616 2036 alias
649 1969 828 2051 omittam,-v
847 1968 924 2036 has
940 1969 1030 2038 duas
1055 1996 1205 2059 propono
1238 1978 1446 2041 narrationes

322 2077 413 2142 Livii
429 2083 462 2138 et
478 2071 661 2154 Ciceronis,
684 2093 825 2154 quorum
848 2071 931 2139 alter
952 2073 1008 2140 lib.
1031 2079 1090 2158 nl,
1114 2097 1185 2162 cap.
1201 2081 1275 2161 22„
1298 2080 1384 2144 alter
1407 2077 1446 2142 de

322 2176 524 2246 divinatione
545 2175 622 2242 libri
644 2173 671 2240 Ι.
695 2173 903 2260 paragrapho
924 2179 976 2246 49.
999 2177 1040 2244 de
1061 2175 1124 2244 hac
1145 2202 1180 2243 re
1202 2178 1376 2248 disseruit:

459 2467 462 2474 .
526 2413 659 2470 Maias·

321 2557 362 2612 ibi
379 2557 453 2611 sama
469 2535 518 2610 'e'it
542 2557 572 2608 in
594 2554 687 2623 quiete
704 2539 796 2606 risum
815 2550 849 2604 ab

321 2663 354 2699 eo
370 2645 500 2713 juvenem
519 2641 612 2696 divina
630 2637 736 2710 speeie,
755 2639 801 2706 qui
821 2655 850 2692 se

322 2734 357 2786 ab
376 2732 447 2785 Jove
465 2731 572 2784 diceret
584 2727 682 2780 ducem
698 2726 730 2779 in
741 2725 849 2780 Italiam

321 2818 473 2872 Hannibali
485 2816 612 2868 missum:
625 2812 742 2883 proinde
756 2830 850 2880 seque·

321 2913 399 2961 retur
421 2921 510 2972 neque
531 2919 647 2970 usquam
667 2919 683 2954 a
701 2917 730 2952 se
753 2899 850 2953 deflec-

321 2998 394 3049 teret
411 2991 515 3046 oculos.
533 2988 665 3060 pavidum
676 2987 767 3057 primo
786 3005 850 3054 nus-

322 3099 404 3148 quam
440 3075 706 3144 circumspicientem
731 3079 782 3128 aut
808 3093 850 3128 re-

257 3229 269 3248 ·
321 3167 485 3238 spicientem
504 3169 641 3244 secutum3
666 3161 765 3214 deinde
784 3178 850 3214 cura

318 3255 424 3325 ingenii
440 3253 563 3319 humani,
583 3269 654 3318 cum,
673 3247 802 3316 quidnam
822 3247 852 3300 id

322 3345 395 3396 esset
413 3339 488 3408 quod
498 3343 638 3410 respicere
654 3327 755 3392 vetitus
769 3338 857 3401 essetf
875 3337 877 3343 ⁴

322 3431 440 3500 agitaret
454 3427 563 3495 animo,
588 3431 744 3494 temperare
760 3421 849 3475 'oculis

319 3515 477 3585 nequivisse
495 3532 572 3582 emm
591 3513 770 3580 vidissepost
787 3515 870 3564 sese‘

320 3602 566 3680 serpentem-mira
574 3597 767 3670 magnitudine
785 3613 850 3650 cum

318 3690 425 3764 ingenti
451 3682 596 3772 erigerum.
610 3703 642 3742 ae
663 3685 858 3759 virgultorum

319 3783 411 3850 strage
430 3777 496 3832 ferri
519 3779 641 3848 acypost
657 3771 766 3846 insequi
785 3787 847 3824 curn

316 3867 426 3936 fragore
445 3866 514 3920 caeli
531 3865 666 3918 nimbum.
688 3863 758 3927 tum,
778 3873 848 3926 quae
871 3866 875 3873 '

318 3954 406 4010 moles
439 3969 471 4006 ea
499 3950 601 4021 quidve
618 3945 750 4020 'prodigii
774 3950 848 4000 esset

317 4036 510 4109 quaerentem'
534 4041 647 4096 audisse
677 4033 849 4094 *vastitatem

316 4112 424 4180 ltaliae:
454 4115 583 4209 pergeret
612 4149 700 4199 porro
727 4121 768 4176 ire
796 4143 849 4182 nec

1128 2419 1232 2476 Cicero.

912 2558 966 2613 hoc
984 2558 1052 2613 item
1070 2559 1099 2613 in
1117 2559 1214 2629 Sileni,
1234 2578 1316 2630 quem
1334 2562 1443 2616 Coelius

914 2646 1047 2717 seqnitur,
1067 2637 1172 2703 Grae‘e‘a
1193 2648 1311 2704 historia
1329 2649 1442 2705 est—is

914 2733 988 2788 enim
1006 2735 1215 2807 diligentissime
1238 2754 1283 2790 res
1301 2735 1442 2791 Hanniba-

912 2820 949 2875 lis
970 2827 1133 2890 persecutus
1159 2826 1202 2876 est
1225 2843 1272 2876 —:
1302 2823 1442 2878 Hanniba-

912 2910 975 2978 lem,
987 2927 1050 2963 cum
1059 2909 1344 2981 cepissetSaguntum‚
1352 2913 1442 2966 visum

914 3015 974 3054 esse
992 2998 1022 3052 in
1039 2998 1144 3053 somnia
1163 2997 1261 3052 aJose
1278 3000 1309 3054 ia
1328 2999 1442 3055 deorum

886 3149 888 3152 Ι
914 3085 1180 3158 οοηοπζζῖαωνοοατίς
1200 3103 1253 3154 quo
1273 3104 1336 3140 eum
1353 3086 1441 3142 venis-

912 3177 963 3239 set,
981 3172 999 3226 J
1002 3190 1082 3227 ovem
1099 3173 1280 3242 imperavisse
1298 3179 1329 3230 ut
1345 3175 1441 3230 Italiae

912 3251 1018 3313 bellurn
1030 3259 1146 3313 inferret
1155 3259 1307 3330 ducemque
1318 3262 1343 3316 ei
1356 3278 1440 3316 unam

913 3344 930 3402 θ’
944 3347 1063 3402 coneilio
1076 3347 1180 3414 datum,
1200 3366 1254 3416 quo
1267 3348 1347 3402 illum
1363 3355 1440 3404 uten-

886 3457 887 3462 ’
913 3433 1052 3488 terricum
1075 3431 1200 3488 exercitu
1222 3437 1355 3506 progredi
1379 3453 1440 3491 coe·

887 3523 999 3590 spisse,
1023 3523 1084 3575 tum
1102 3523 1128 3575 ei
1147 3521 1246 3578 ducem
1264 3521 1344 3578 illum
1361 3541 1439 3594 prae·

912 3609 1076 3680 nepissana
1098 3611 1264 3680 respiceret,
1292 3611 1372 3668 illum
1394 3629 1439 3668 au·

910 3701 968 3750 tem
977 3695 1008 3748 id
1025 3696 1129 3750 diutius
1145 3695 1234 3768 facere
1247 3715 1303 3752 non
1312 3700 1439 3770 potuisse

912 3785 1070 3866 elatumque
1081 3837 1083 3840 ,
1094 3783 1246 3851 cupiditate
1269 3787 1437 3853 respexisse3
1517 3841 1518 3860 χ

911 3877 971 3926 tum
990 3872 1079 3926 visam
1096 3871 1207 3948 heluam
1224 3877 1332 3926 vastam
1349 3875 1378 3926 et
1389 3874 1438 3926 im·
1517 3869 1518 3872 ’

911 3975 1021 4013 manem
1057 3958 1294 4026 circumplicatam
1330 3977 1439 4030 serpen·

910 4043 986 4101 tibus
1018 4061 1188 4116 quacumque
1213 4045 1357 4102 incederet
1382 4063 1437 4102 om-

911 4133 959 4186 nia
976 4133 1102 4203 arbusta,
1126 4123 1260 4204 virgulta,
1284 4139 1360 4189 tesca
1377 4151 1437 4204 per·
