3096 4880
291 517 294 523 f
398 474 495 530 Silina
961 472 1104 528 1666668.

180 595 333 650 Nautarum
351 596 491 650 interdum
517 596 650 651 convulsa
668 614 708 651 se·
767 593 799 647 In
816 609 938 663 pugnam
956 591 1063 664 fregere
1081 598 1162 648 rates.
1199 594 1295 648 Siden-

214 683 283 738 dilia
300 686 440 752 torquens.
801 681 842 736 tia
859 699 972 752 pessum

178 770 240 824 Non
257 772 365 841 plectro
377 771 456 840 ratis,
474 777 522 826 aut
539 771 706 843 frangendae
766 767 890 837 Corpora
901 785 981 824 caesa
993 773 1099 838 tenent,
1119 769 1295 839 spoliantque

214 859 244 912 in
261 860 376 914 vulnera
393 875 494 927 prorae
801 857 937 912 cadavera
954 856 1036 910 ferro.

177 941 316 1012 Parcitur,
351 950 380 998 et
413 946 512 1017 pelago
543 951 707 1018 repetuntur
764 943 847 998 Multi
870 943 968 1014 inopes
987 945 1052 1012 teli,
1071 945 1193 1014 jaculum
1211 945 1294 1000 letale

213 1030 309 1086 nantia
326 1032 390 1085 tela.
798 1033 940 1087 revulsum
1305 1097 1310 1110 .

763 1119 930 1175 Vulneribus
949 1124 1058 1176 traxere
1077 1119 1172 1174 suis..
1188 1160 1213 1172 ..
1290 1135 1292 1138 ·

175 1206 236 1260 550.
276 1205 443 1263 Vulneribus
481 1213 584 1280 patulis
617 1214 705 1271 intrat
764 1210 823 1264 660.
848 1207 994 1277 Dejectum
1018 1208 1047 1262 in
1075 1208 1204 1277 pelagus,
1231 1223 1293 1278 per·

210 1311 295 1349 mare.
471 1287 474 1296 Δ
681 1277 688 1292 ’
797 1295 873 1350 fosso
891 1299 1005 1366 pectore
1023 1313 1123 1366 corpus

743 1397 745 1402 ·
761 1384 930 1439 Vulneribus
948 1384 1104 1440 transmisit
1121 1401 1215 1452 aquas.

175 1470 236 1524 552.
263 1468 321 1525 Nec
346 1472 456 1541 desunt,
484 1475 531 1543 qui
558 1483 704 1559 correptos
763 1473 823 1527 693.
846 1472 935 1540 Nunc,
960 1489 1024 1527 rara
1052 1473 1133 1528 datur
1160 1474 1184 1526 si
1211 1473 1293 1542 copia

210 1559 383 1626 amplexibus
402 1563 470 1615 artis
796 1559 873 1629 ferri,

174 1645 344 1716 Immergant
355 1648 463 1717 pelago,
482 1652 518 1715 et,
534 1648 633 1716 jaculis
645 1667 702 1704 oes-
761 1647 884 1703 Utuntur
919 1648 1028 1718 pelago.
1077 1646 1179 1702 Saevus
1216 1664 1292 1701 com·

210 1735 344 1804 sentibus,
362 1735 472 1790 hostem
796 1734 929 1802 plectitur
946 1734 1057 1789 hostem

173 1821 264 1876 Morte
283 1839 332 1877 sua
349 1823 495 1890 perimant.
761 1821 866 1890 Hostis,
885 1825 914 1876 et
931 1822 1075 1893 implicitis
1093 1823 1215 1892 gaudem
1228 1823 1292 1877 sub·

796 1910 887 1964 sidere
904 1909 1046 1978 membris,

762 1997 976 2068 Mergentesque
995 1999 1075 2052 mori.

255 2212 320 2276 His
342 2212 424 2276 loeis
447 2211 532 2275 inter
552 2233 586 2275 se
609 2211 806 2296 comparatis
827 2231 984 2296 apparere
998 2231 1114 2274 censeo
1137 2210 1170 2272 in
1192 2208 1290 2294 hujus

172 2337 300 2400 pugnae
333 2314 460 2379 navalis
492 2311 714 2399 descriptione
746 2312 865 2379 Silium
898 2313 1001 2378 multa
1034 2311 1076 2376 ad
1107 2311 1244 2376 verbum
1271 2334 1288 2376 e

170 2417 306 2483 Lucano
327 2417 487 2482 hausisse.
532 2417 646 2483 Unum
662 2415 748 2481 addo
763 2417 887 2481 locum:
910 2415 1064 2479 Imitatus
1079 2415 1165 2479 enim
1181 2415 1289 2480 Luca·

170 2542 258 2604 num,
281 2521 338 2606 qui
360 2519 400 2584 de
423 2519 581 2606 Pompejo
605 2541 645 2584 ex
667 2519 766 2585 Italia
788 2519 928 2604 fugienti
951 2514 1032 2581 dicit
1053 2517 1110 2582 lib.
1133 2522 1164 2601 3,
1186 2543 1217 2582 v.
1240 2521 1287 2587 3.:

390 2675 486 2729 Omnis
504 2677 533 2729 in
552 2675 650 2730 Jonios
675 2675 821 2747 spectabat
838 2658 933 2728 nauita
951 2672 1064 2728 fluetus:

389 2763 470 2818 Solus
489 2763 524 2816 ab
541 2763 677 2832 Hesperia
700 2780 756 2816 non
774 2761 851 2816 flexit
868 2762 974 2816 lumina
991 2764 1066 2816 terra

387 2851 513 2921 Magnus,
1040 2848 1043 2853 ’

168 3008 270 3074 saue
309 3007 349 3072 aa
381 3007 568 3073 Hannibale
607 2979 780 3073 61616
818 3005 1196 3073 aestumasset.
1236 3012 1286 3092 11,

167 3133 215 3175 vs.
243 3116 331 3180 aas:

585 3245 592 3256 '
683 3232 778 3286 Omnis
796 3233 825 3285 16
843 3231 930 3286 altum

399 3322 529 3375 Sidonius
546 3321 621 3375 visus
639 3324 817 3378 converterat
834 3319 957 3386 undique
975 3319 1067 3375 miles:

303 3476 307 3485 Ι
399 3409 505 3464 Ductor
523 3408 628 3463 defixos
647 3407 717 3462 Itala
734 3406 835 3463 tellure
853 3406 967 3461 tenebat

396 3497 522 3552 Intentus
541 3496 641 3550 vultus.

165 3651 339 3718 Sufficiant
359 3654 440 3718 haec
462 3653 502 3718 de
525 3655 677 3732 Lucano;
700 3674 805 3738 pauca
828 3652 947 3718 addere
968 3652 1066 3717 liceat
1088 3652 1129 3716 de
1145 3652 1280 3718 Valerio

165 3754 285 3818 Flacco
314 3765 346 3820 et
373 3754 493 3822 Statio.
539 3754 680 3822 Constat
708 3766 817 3819 autem
844 3757 952 3821 varias
975 3754 1118 3841 Vergilii
1140 3755 1280 3822 virtutes

164 3879 202 3922 ao
228 3858 332 3923 totius
360 3859 474 3945 populi
502 3857 750 3922 admirationem
776 3879 875 3942 quae,
905 3859 961 3922 ubi
990 3858 1131 3943 primum
1158 3858 1280 3924 Aeneis

162 3961 196 4024 in
225 3959 367 4024 medium
395 3962 524 4046 prolata
551 3971 618 4042 est,
646 3961 757 4026 statim
784 3961 817 4023 in
845 3982 918 4022 eum
942 3961 1173 4045 econverso,
1200 3971 1239 4026 ut
1261 3987 1280 4027 6

162 4063 391 4149 subsequentis
424 4065 541 4128 aetatis
569 4063 677 4148 poetis
706 4062 808 4147 epicis
842 4086 901 4147 pro
930 4063 1077 4148 exemplo
1105 4063 1280 4130 haberetur

128 4241 134 4247 ν
161 4164 256 4229 facile
293 4165 439 4234 effecisse
475 4166 706 4251 (conferantur
742 4165 949 4250 quaestiones
977 4167 1189 4251 Valerianae‚
1228 4167 1277 4231 ed.
