3096 4880
849 301 889 367 18

317 488 481 553 excutitur
505 457 615 572 aliqua
647 487 742 554 nobis
771 485 934 553 subducta
961 485 1035 552 sint.
1079 485 1145 554 His
1177 485 1280 573 igitur
1312 485 1432 569 quibus

317 593 412 678 plura
434 590 549 656 afferre
563 599 723 677 poteram,
746 591 923 676 scriptores
946 589 994 654 illi
1016 611 1090 653 curn
1112 611 1207 654 suum
1228 597 1299 653 tum
1315 589 1433 654 aetatis
1532 591 1533 668 l

316 695 405 761 illius
424 691 586 778 judicium
608 691 648 757 de
670 692 779 757 Ennio
801 693 955 778 produnt.
1001 691 1068 759 Sed
1095 701 1172 756 utut
1192 714 1244 758 res
1268 714 1302 758 se
1323 690 1433 775 habet,

313 800 382 882 jam
410 820 451 861 ex
479 819 517 861 eo
544 794 634 880 quod
664 795 842 881 scriptores
874 795 923 858 illi
946 793 1108 879 judicium
1134 818 1229 861 suum
1256 794 1297 860 de
1324 795 1432 860 Ennio

315 901 440 986 faciunt
454 907 600 984 apparet
622 920 782 984 cognosse
805 906 838 962 et
860 897 980 986 legisse
1003 920 1059 986 eos
1081 897 1318 982 Enniumpnec
1340 921 1432 962 raros

315 1004 417 1068 fuisse
443 1000 544 1068 Ennii
575 999 678 1064 libros
711 1001 745 1064 in
772 999 980 1066 bibliothecis
1006 998 1175 1066 hominum
1198 1001 1288 1066 illius
1315 1001 1433 1066 aetatis

315 1104 497 1196 doctorum.
543 1102 661 1194 Silium
689 1109 799 1166 autem
824 1103 859 1166 in
886 1103 974 1168 villis
1002 1103 1070 1168 suis
1098 1124 1237 1187 quarum
1264 1102 1374 1188 plures
1399 1103 1434 1166 in

316 1207 496 1294 Campania
510 1203 701 1292 possidebat
722 1205 862 1268 multum
876 1203 998 1286 ubique
1012 1205 1181 1290 librorum,
1203 1205 1342 1270 multum
1365 1213 1433 1270 sta-

315 1320 462 1396 tuarump
480 1309 619 1394 multum
634 1307 813 1394 imaginum
832 1306 986 1372 habuisse
1002 1306 1129 1373 Plinius
1150 1331 1211 1374 nos
1227 1307 1323 1373 docet
1337 1308 1432 1394 epist.

314 1414 370 1498 lib.
394 1411 461 1496 ΙΙΙ1
484 1435 533 1497 ep.
563 1414 600 1494 7,
630 1412 658 1496 ἓ.
682 1414 717 1490 83
746 1409 831 1474 inter
853 1432 937 1493 quos
959 1409 1063 1476 libros
1085 1409 1186 1474 Ennii
1208 1433 1340 1496 quoque
1362 1433 1432 1476 car-

314 1517 403 1600 mina
424 1514 527 1580 fuisse
548 1536 614 1578 non
635 1521 832 1599 negaturum
854 1535 926 1578 csse
947 1534 1145 1598 quemquam
1167 1535 1293 1580 censeo.
1337 1513 1433 1578 Illam

314 1643 392 1704 sero
407 1618 566 1683 librorum
582 1625 615 1702 et
630 1623 814 1681 statuarum
829 1616 957 1702 copiam
973 1639 992 1680 a
1008 1614 1090 1684 Silio
1105 1639 1172 1680 non
1194 1616 1301 1682 solum
1323 1624 1433 1682 osten-

314 1721 449 1790 tationis
478 1728 535 1784 aut
563 1719 751 1784 ambitionis
780 1741 880 1784 causa
908 1740 980 1791 esse
1007 1719 1178 1784 collectam
1194 1717 1256 1804 ex.
1275 1720 1322 1785 eis
1350 1742 1432 1804 quae

314 1823 407 1889 addit
420 1823 548 1888 Plinius
564 1821 673 1886 verbis
689 1821 811 1885 elucet:
834 1843 939 1906 „quas
954 1845 1020 1886 non
1034 1820 1177 1886 habebat
1189 1819 1300 1905 modo,
1321 1845 1431 1906 verum

314 1927 413 1991 etiam
444 1923 694 1988 venerabatur.“
737 1921 867 1987 Deinde
903 1926 971 2008 jam
1006 1947 1106 2009 supra
1138 1921 1428 1990 demonstravimus

314 2029 432 2097 Silium
454 2049 512 2092 eos
539 2025 716 2110 scriptores
743 2048 827 2110 quos
856 2035 1012 2111 sequatur
1032 2026 1184 2092 laudare:
1212 2026 1328 2092 laudat
1349 2027 1428 2090 enim

314 2131 510 2217 Vergilium,
532 2127 647 2193 laudat
661 2128 853 2212 Homerum,
876 2128 990 2194 laudat
1012 2127 1213 2194 Ciceronem.
1258 2129 1284 2195 J
1286 2154 1339 2195 arn
1354 2152 1428 2194 vero
1532 2125 1533 2130 ’

313 2236 403 2320 legas
424 2232 480 2297 lib.
503 2236 553 2315 12,
575 2253 706 2296 versum
721 2233 793 2299 393.
809 2239 843 2295 et
865 2232 922 2315 qui
944 2241 1135 2317 sequuntur,
1157 2233 1215 2297 ubi
1236 2231 1433 2300 describitur
1532 2259 1533 2262 ¹

309 2332 395 2399 illud
416 2333 537 2398 bellum
558 2334 593 2397 in
616 2331 770 2400 Sardinia
796 2343 911 2399 contra
932 2335 1199 2422 Hampsagoram
1227 2344 1260 2400 et
1285 2335 1430 2402 Hostum
1532 2385 1533 2394 ,

313 2438 417 2502 filium
438 2439 508 2523 ejus
532 2445 662 2524 gestum
678 2436 768 2520 (Liv.
784 2442 837 2520 23,
848 2440 900 2504 40.
916 2439 995 2524 tlt).
1041 2435 1186 2504 Sardinii
1201 2439 1296 2521 enim,
1319 2460 1433 2522 quam-

314 2563 412 2624 quam
434 2563 454 2604 a
474 2540 645 2624 Torquato
671 2540 740 2624 jam
762 2539 869 2626 fugati
890 2547 923 2603 et
945 2540 978 2602 in
1001 2540 1157 2605 silvarum
1179 2541 1321 2638 latebras
1344 2542 1433 2625 pulsi

314 2651 400 2726 sunt,
416 2641 541 2706 Punica
557 2642 660 2707 classe
676 2641 814 2727 appulsa
824 2642 945 2706 Poenis
960 2643 1079 2706 iterum
1094 2666 1129 2708 se
1140 2645 1283 2730 jungunt
1297 2643 1432 2706 iterum-

313 2767 377 2829 que
398 2754 513 2810 contra
531 2741 699 2810 Romanos
721 2753 878 2836 pugnant.
923 2744 963 2810 In
985 2743 1199 2811 describendo
1222 2744 1285 2808 hoc
1307 2744 1432 2830 proelio

314 2846 415 2913 Silius
437 2845 518 2910 hacc
540 2846 654 2911 habet:

330 3069 356 3106 v.
376 3053 441 3110 390:
478 3051 532 3108 Sed
549 3071 608 3121 vos,
628 3053 759 3122 Calliope,
777 3057 874 3109 nostro
893 3053 995 3108 donate
1013 3053 1104 3109 labori

477 3141 552 3196 Nota
568 3157 667 3209 parurn
685 3141 780 3210 magni
798 3142 881 3212 longo
898 3141 1046 3196 tradantur
1063 3147 1096 3196 ut
1113 3159 1182 3196 aevo

477 3229 563 3284 Facta
580 3229 646 3296 viri,
665 3233 694 3282 et
711 3229 842 3283 meritum
860 3229 919 3284 vati
936 3247 1073 3284 sacremus
1091 3230 1234 3284 honorem.

478 3316 593 3384 Ennius,
610 3301 724 3386 antique
741 3315 866 3386 Messapi
883 3317 918 3370 ab
937 3316 1044 3388 origine
1062 3317 1144 3387 regis,

478 3403 615 3459 Miscebat
632 3404 737 3473 primas
756 3405 837 3473 acies,
854 3405 1005 3474 Latiaeque
1022 3407 1172 3476 superbum

476 3489 548 3545 Vitis
566 3491 722 3546 adornabat
740 3493 868 3546 dextram
886 3493 981 3547 decus:
1000 3491 1113 3561 hispida
1129 3493 1211 3547 tellus

478 3575 613 3630 Miserunt
631 3577 753 3646 Calabri3
771 3577 878 3632 Rudiae
894 3595 1014 3646 genuere
1031 3583 1170 3633 vetustae:

477 3665 557 3720 Nunc
573 3665 680 3718 Rudiae
698 3666 757 3719 solo
775 3663 954 3720 memorabile
971 3682 1073 3721 nomen
1090 3669 1209 3721 alumno.

398 3856 433 3920 Is
458 3855 637 3922 fortissime
663 3864 789 3941 pugnat
813 3875 1031 3941 magnamque
1057 3857 1141 3921 inter
1166 3856 1279 3923 hostes
1300 3854 1432 3922 caedem
1532 3851 1533 3858 '

315 3956 397 4035 edit3
433 3956 490 4022 sed
503 3958 603 4024 ictus
636 3957 750 4024 hastae
778 3979 877 4042 quam
905 3956 1034 4025 Hostus
1060 3959 1095 4024 in
1127 3981 1201 4023 eum
1223 3959 1358 4046 conjicit
1390 3958 1432 4022 ab

314 4059 470 4144 Apolline
504 4060 576 4146 ipso
610 4061 771 4126 avertitur
803 4068 836 4126 et
863 4060 992 4128 Hostus
1020 4062 1053 4126 in
1087 4061 1156 4126 acie
1188 4060 1287 4127 cadit.
1339 4061 1432 4126 Deus

304 4160 398 4224 enirn
421 4161 492 4246 ipse
513 4160 554 4224 de
576 4161 683 4227 Ennio
706 4162 787 4229 haec
809 4147 995 4249 praedicit(
