3096 4880
182 503 353 589 „Coelius,
382 513 614 592 praeterquam
640 504 731 590 quod
761 527 827 594 non
851 528 986 573 mersae
1012 506 1168 573 fluctibus
1184 515 1307 589 naves,

179 617 305 674 ceteros
334 630 449 674 omnes
482 609 639 674 caelestes
672 608 922 700 maritimosque
949 618 1104 695 terrores,
1138 617 1319 697 postremo

178 709 349 797 abreptam
376 717 572 796 tempestate
589 710 642 776 ab
655 710 785 776 'Africa
813 712 952 778 classem
974 710 1017 778 ad
1039 713 1181 780 insulam
1203 712 1322 798 Aegi·¹

176 835 317 895 murum,
351 810 430 876 iude
464 834 570 899 aegre.
594 821 779 884 correctum
811 823 954 880 cursum
970 815 1117 901 exponit,
1145 824 1178 880 et
1205 837 1309 902 propo

178 914 307 981 obrutis
333 914 475 980 naribus
507 915 638 1000 injussu
668 916 878 1002 imperatoris
911 917 1054 1004 scaphis,
1086 916 1180 982 haud
1214 939 1308 984 secus

177 1040 277 1102 quarn
298 1008 489 1104 naufragos,
512 1018 634 1084 milites
657 1018 727 1086 sine
742 1019 842 1086 armis
865 1041 940 1084 cum
961 1018 1088 1106 ingenti
1110 1019 1257 1084 tumultu
1272 1019 1307 1085 in

177 1128 301 1184 terram
324 1120 513 1202 33331333,ιι
540 1119 643 1206 Silius
671 1129 781 1186 tamen
803 1121 918 1208 paucis
940 1122 1091 1189 versibus
1114 1143 1308 1208 prosperam

176 1221 548 1308 fuisse'navigationem,
560 1233 603 1271 -’
613 1232 650 1288 ut
661 1223 779 1294 Livius
790 1223 931 1290 tradidit
945 1226 1019 1290 loco
1031 1222 1166 1290 laudato
1179 1261 1221 1271 —
1232 1245 1308 1288 nar-

178 1332 241 1390 rat.
270 1322 337 1391 Sed
347 1331 385 1387 ut
402 1325 574 1392 redeamus
591 1349 631 1391 eo
649 1324 736 1419 unde
753 1325 896 1414 digressi
912 1350 1037 1412 sumus,
1055 1335 1186 1393 constat
1200 1325 1320 1412 primo.

179 1453 245 1495 non
267 1451 339 1496 esse
360 1427 472 1493 fictam
493 1427 578 1493 hanc
601 1427 647 1494 de'
656 1429 855 1494 Hannibalis
871 1431 999 1496 somnio
1021 1429 1242 1494 narrationem
1265 1428 1317 1498 ab.

179 1531 280 1611 811133
303 1528 421 1607 deinde
435 1554 501 1596 non
518 1542 594 1600 ,3333
608 1531 761 1600 haustam
783 1555 825 1596 ex
841 1529 967 1616 Coelio,
986 1540 1050 1598 ‘aut
1064 1531 1193 1610 Silen03
1216 1529 1318 1596 deni.

180 1657 244 1720 que
265 1634 372 1720 magis
387 1643 567 1750 congruere
582 1645 656 1698 eum
671 1634 859 1700 narratione
876 1617 1095 1706 Ciceroniana
1116 1657 1216 1718 quam
1232 1655 1316 1698 cum.

179 1737 336 1816 Liriana3
359 1735 478 1804 Livius
500 1736 585 1802 enim
598 1736 730 1802 utalia
737 1737 889 1802 omittam
903 1717 1037 1854 tradit
1025 1745 1179 1886 juvenem
1193 1735 1306 1818 fuisse,

179 1839 283 1908 Silius
306 1848 339 1905 et
361 1837 478 1904 Cicero
500 1837 615 1904 deum.
801 1851 805 1856 ’
835 1850 840 1860 ’
866 1849 878 1858 ““

264 1949 308 2027 3.,
329 1941 532 2026 Libro3,r
533 1945 638 2012 .39,6.
662 1964 734 2028 sqq.
772 1940 876 2010 Silius
897 1940 980 2006 haee
1000 1875 1154 2006 habet:

410 2062 650 2134 Arganthoniacos
668 2066 759 2117 armat
776 2063 886 2132 (larteja
903 2055 1029 2133 nepotes.

336 2193 339 2200 .
412 2149 474 2204 Rex
490 2149 604 2217 proavis
621 2149 676 2205 t'uit
692 2150 806 2206 humani
828 2149 983 2206 ditissimus
1001 2151 1072 2219 aeri,

412 2237 467 2292 Ter
485 2237 573 2292 denos
591 2238 682 2294 decies
701 2255 828 2294 emensus
839 2236 962 2309 belliger
976 2255 1074 2320 annos.

181 2346 257 2412 Hoc
281 2343 398 2410 Cicero
420 2365 552 2427 quoque
573 2351 686 2408 narrat
702 2339 776 2424 Cat.
790 2343 875 2427 Maj.
898 2364 970 2429 cap.
995 2344 1046 2426 19,
1067 2364 1152 2428 par.
1162 2346 1225 2422 693
1242 2342 1307 2406 fuit

180 2449 308 2516 enim.
322 2446 595 2533 .Arganthonius
623 2444 759 2530 quidam
787 2443 957 2542 Gadibus,
980 2444 1038 2529 qui
1061 2444 1232 2530 octoginta
1254 2466 1306 2508 re·
1314 2465 1315 2470 ¹

180 2559 339 2638 gnaterat
360 2571 475 2632 annos,
498 2557 627 2613 centum
649 2548 768 2635 viginti
789 2548 983 2614 vixerat...

264 2657 308 2737 4.,
331 2650 415 2717 Cum
437 2651 620 2717 Flaminius
642 2652 758 2717 consul
779 2649 822 2715 ad
836 2596 1075 2728 Trasumenum
1097 2648 1205 2716 lacum
1227 2671 1305 2736 pro·

180 2757 406 2840 ficisceretur,
423 2753 516 2827 raria
541 2753 664 2820 fiebant
689 2752 860 2840 prodigia,
886 2761 1057 2838 utsupra
1072 2753 1142 2836 jam
1164 2774 1305 2818 comme
1310 2812 1313 2823 ,

180 2858 390 2925 moravimus.
436 2854 588 2939 Quorum
612 2855 688 2940 duo,
707 2856 827 2929 Livius
850 2862 963 2938 narrat
991 2853 1049 2920 lib.
1071 2858 1140 2944 22,
1161 2876 1232 2942 cap.
1255 2859 1305 2922 3.:

181 2985 302 3048 equum
331 2962 414 3046 ejus·
432 2967 565 3044 reperite
583 2960 765 3038 ,corruisse
791 2958 1023 3041 consulemque
1048 2957 1305 3043 1333333333

181 3071 281 3150 caput
303 3061 468 3144 effudisse,
491 3071 523 3124 et
545 3061 720 3147 signiferos
739 3062 837 3148 ‘signa
859 3084 899 3126 ex
920 3055 1020 3126 humo
1043 3059 1226 3142 convellere
1239 3083 1313 3126 uon

180 3165 339 3254 potuisse.
384 3161 511 3230 Contra
539 3162 655 3230 Cicero
682 3164 724 3248 de
751 3164 865 3230 eodem
894 3163 1056 3230 Flaminio
1085 3161 1199 3228 eodem
1222 3170 1305 3226 tem-

181 3291 277 3356 pore,
310 3290 406 3352 „cum
439 3267 611 3350 Arretium
643 3289 759 3334 versus
792 3276 902 3346 castra
932 3265 1158 3346 movissetset
1190 3273 1307 3328 contra
1334 3353 1336 3357 Ι

181 3369 401 3439 Hannibalem
431 3369 577 3457 legiones
603 3367 776 3454 duceret,“
806 3368 910 3436 tradit
938 3367 980 3433 de
1012 3367 1114 3433 divin.
1146 3390 1219 3452 cap.
1250 3367 1305 3450 35,

182 3497 253 3562 par.
275 3479 345 3543 ll:
372 3482 405 3538 ct
426 3474 549 3558 ipsum·
562 3481 595 3538 et
617 3465 737 3557 equum
757 3473 836 3558 ,ejus
858 3473 929 3540 sine
949 3493 1051 3538 causa
1071 3478 1205 3556 repente
1226 3490 1305 3532 con-

182 3576 318 3657 cidisse3
346 3575 464 3645 deinde
496 3577 621 3664 pergit:
660 3575 746 3640 idem
780 3597 855 3640 cum
885 3574 1034 3662 tripudio
1066 3571 1305 3658 auspicaretur,

182 3681 344 3768 pullarius
371 3678 458 3744 diem
483 3679 601 3764 proelii
629 3677 855 3744 committendi
877 3676 1066 3744 differebat:
1088 3684 1159 3739 tum
1180 3673 1305 3738 Flami-

181 3784 256 3870 nius
274 3806 320 3869 33
341 3804 379 3846 33
406 3781 587 3866 quaesivit,
614 3782 643 3848 si
671 3805 713 3847 ne
734 3790 851 3869 postea
872 3777 1005 3864 quidem
1027 3777 1110 3864 pulli
1130 3798 1305 3862 pasceren-

181 3897 248 3972 tur,
270 3883 352 3971 quid
364 3883 548 3949 faciendum
563 3893 719 3950 censeret.
743 3906 818 3948 cum
839 3883 894 3946 ille
915 3879 1149 3968 quiescendum
1168 3901 1304 3966 respon·

183 3988 304 4071 disset,
331 3985 527 4053 Flaminius:
556 3987 724 4072 praeclara
745 4009 823 4051 vera
845 3984 1009 4072 auspicia,
1032 3983 1061 4050 si
1083 3981 1304 4050 esurientibus

183 4092 284 4178 pullis
315 4113 368 4156 res
400 4088 471 4177 geri
501 4089 635 4176 poterit,
668 4089 790 4154 saturis
823 4086 907 4154 nihil
938 4095 1084 4176 geretur3
1111 4094 1183 4150 tum
1211 4082 1305 4150 addit

185 4194 301 4261 Cicero
334 4192 523 4280 prodigium
561 4191 602 4258 de
639 4191 820 4279 signiferis,
857 4191 916 4277 qui
949 4190 1045 4280 signa
1076 4211 1205 4255 movere
1237 4208 1304 4252 non
