3096 4880
692 1369 694 1373 ”
741 1389 898 1458 VITA.

344 1578 454 1644 Natus
470 1601 542 1645 sum
556 1579 716 1646 Ernestus
733 1580 844 1646 Julius
860 1577 977 1646 Wezel
994 1602 1022 1642 a.
1035 1575 1067 1642 d.
1080 1578 1142 1644 IV.
1158 1576 1235 1641 Kal.
1254 1574 1376 1641 Octob.

264 1682 341 1746 anni
377 1682 541 1750 millesimi
578 1683 841 1768 octingentesimi
879 1680 1251 1766 duodequinquagesimi
1288 1679 1380 1744 Lim-

265 1782 416 1867 bachiae,
443 1785 477 1851 in
504 1785 576 1860 vico
606 1809 709 1872 prope
732 1783 952 1852 Chemnitium
975 1785 1055 1867 sito,
1077 1792 1170 1869 patre
1194 1781 1286 1847 Julio
1309 1781 1383 1845 Au-

262 1897 360 1974 gusto
382 1887 514 1970 Wezel‚
542 1888 599 1972 qui
628 1887 716 1974 apud
737 1887 969 1952 Limbaoenses
996 1908 1128 1950 munere
1154 1884 1378 1972 praeceptoris

262 1991 296 2054 in
318 1990 430 2055 schola
451 1989 583 2077 publica
602 1991 761 2077 fungitur,
783 2000 888 2054 matre
913 1988 1090 2054 Emestina
1111 2010 1129 2052 e
1151 1996 1247 2074 gente
1269 1987 1384 2062 Kueh-

263 2095 346 2178 neja.
392 2093 426 2157 A
447 2101 541 2179 patre
557 2093 726 2158 elementis
741 2093 924 2158 litterarum
940 2091 1088 2156 eruditus
1102 2099 1136 2154 et
1157 2090 1287 2176 linguas
1309 2089 1383 2153 lati-

263 2218 337 2260 nam
369 2205 401 2260 et
429 2217 580 2282 graecam
609 2217 628 2258 a
653 2193 814 2261 Mauritio
843 2193 1074 2276 Muennichio‚
1102 2192 1191 2278 apud
1217 2193 1383 2259 Braeuns·

263 2297 441 2364 dorfienses
469 2297 561 2362 verbi
578 2294 692 2362 'divini
724 2297 918 2383 interprete,
952 2306 986 2362 et
1011 2320 1030 2361 a
1058 2294 1234 2361 Frederico
1261 2295 1383 2360 Fluhr-

263 2400 430 2466 schuetzio
452 2399 638 2486 theologiae
652 2398 826 2466 candidato
843 2400 990 2483 edoctus,
1012 2396 1154 2463 traditus
1178 2420 1251 2462 sum
1272 2421 1382 2464 mense

263 2503 404 2570 Octobri
419 2526 438 2566 a
452 2500 731 2568 MDCOOLXH.
747 2502 907 2568 Moldano
925 2501 1109 2568 Grimensi.·
1145 2500 1222 2566 Hoc
1237 2501 1272 2564 in
1286 2524 1380 2588 gym-

262 2606 355 2673 nasio
378 2607 571 2689 clarissimo,
593 2603 765 2672 Wundero
788 2614 820 2670 et
842 2604 1015 2671 Dietschio
1037 2603 1221 2670 rectoribus
1243 2625 1301 2690 per
1324 2625 1382 2669 sex

264 2731 365 2774 annos
387 2709 508 2774 litteris
535 2708 647 2773 latinis
675 2709 868 2795 graecisque
897 2729 1029 2793 operam
1055 2705 1132 2771 dedi
1161 2729 1301 2791 quarum
1326 2706 1381 2770 lit-

262 2821 406 2876 terarum
429 2797 690 2894 amore'duotus,
713 2833 787 2875 cum
809 2810 956 2875 examine
979 2818 1132 2896 superato
1155 2809 1306 2896 Lipsiam
1327 2831 1380 2873 me

265 2915 475 2980 contulissem
503 2935 613 2979 mense
640 2911 782 2980 Octobri
812 2913 888 2978 anni
910 2909 1244 2979 MDCCCLXVIII.
1269 2912 1379 2977 studio

262 3016 461 3104 philologiae
488 3039 620 3103 operam
651 3015 730 3080 dare
757 3024 918 3081 statutum
945 3039 1019 3080 cum
1046 3015 1154 3080 animo
1182 3015 1293 3080 habui.
1338 3015 1378 3080 In

262 3141 328 3204 quo
351 3118 460 3184 studio
484 3118 621 3184 colendo
644 3141 717 3182 cum
738 3141 796 3205 per
817 3117 983 3183 biennium
1005 3118 1073 3183 fere
1095 3117 1222 3184 scholas
1238 3118 1377 3201 monii,

261 3221 450 3304 Ritschelii,
480 3207 603 3305 Curtii,
630 3222 775 3308 Voigtii‚
804 3220 1011 3305 Drobisohii‚
1039 3219 1190 3305 Zarnkii,
1214 3219 1378 3304 Schoenii‚

262 3324 386 3412 Lipsii,
408 3323 575 3406 Ahrensii,
596 3323 819 3390 Brockhausii
839 3323 1146 3407 frequentavissem,
1169 3332 1267 3408 atque
1289 3345 1381 3388 exer-

263 3426 476 3493 citationibus
497 3426 664 3492 historicis
688 3435 720 3489 et
742 3425 936 3510 antiquariis
959 3448 1041 3510 quas
1057 3424 1237 3492 Schoenius
1260 3426 1381 3491 habere

267 3531 394 3598 solebat
420 3551 500 3596 usus
527 3550 647 3612 essem,
681 3526 799 3592 deinde
824 3537 862 3592 ut
891 3528 1000 3594 socius
1029 3528 1213 3594 ordinarius
1235 3552 1294 3615 per
1316 3528 1381 3593 duo

266 3635 435 3700 semestria
464 3640 497 3698 et
524 3631 691 3697 societatis
720 3631 950 3717 grammaticae
977 3653 1060 3715 quae
1091 3628 1198 3695 Curtii
1224 3629 1381 3715 auspiciis

264 3735 374 3820 floret,
404 3744 437 3799 et
459 3733 623 3802 seminarii
649 3733 893 3820 philologorum
915 3734 998 3820 regii
1021 3733 1311 3798 exercitationibus
1333 3733 1384 3796 in·

267 3838 468 3921 terfuissem,
495 3837 616 3902 bellum
637 3833 720 3900 illud
747 3845 815 3901 tnm
838 3837 1019 3922 gloriosum
1042 3858 1141 3921 quam
1162 3836 1383 3923 periculosum

268 3941 391 4005 exarsit
413 3962 480 4025 quo
502 3949 649 4026 tempore
672 3939 769 4004 simul
791 3961 865 4003 cum
886 3940 998 4004 multis
1021 3939 1297 4005 commilitonibus
1321 3961 1382 4026 ego

265 4066 398 4129 quoque
424 4044 570 4109 Martem
598 4065 671 4107 oum
694 4041 803 4107 Musis
831 4042 1038 4106 commutavi.
1082 4042 1173 4106 Anni
1198 4050 1307 4106 autem
1333 4063 1383 4106 se-

267 4146 400 4231 quentis
431 4168 541 4211 mense
573 4146 728 4231 Augusto
761 4154 937 4230 postquam
971 4167 1029 4231 per
1062 4166 1161 4209 unum
1195 4166 1313 4209 annum
1349 4144 1383 4207 in

264 4248 374 4314 Gallia
390 4256 540 4315 versatus
565 4270 636 4313 sum
651 4246 716 4311 Dei
739 4247 846 4333 gratia
868 4248 994 4334 integer
1007 4270 1046 4312 ac
1063 4248 1172 4314 salvus
1192 4248 1226 4311 in
1242 4246 1382 4333 patriam
