3096 4880
865 245 906 350 ie

319 489 371 531 res
404 477 505 533 nootu
536 467 726 554 disputatur
758 477 792 533 et
816 469 924 536 media
956 479 1052 536 noete
1079 471 1179 537 boves
1209 472 1441 552 dimittuntur3

319 570 467 636 conferas
490 570 575 634 enim
596 593 728 635 versum
749 576 838 640 332:
942 577 952 592 ⁴

488 691 561 728 nune
577 679 659 729 noete
676 674 810 728 utendum
828 679 884 742 est;
902 680 1014 732 arentes
1029 681 1140 732 nectere
1158 677 1270 733 frondes

487 761 618 816 eomibus
631 791 665 800 -—
677 779 824 830 germanus
842 768 937 832 parat;

319 864 378 929 sed
399 867 498 951 paulo
519 867 606 931 infra
627 887 725 930 versu
747 869 819 934 351.
843 866 946 932 Silius
967 868 1038 953 ipse
1060 869 1241 935 seeundum
1254 869 1343 936 Livii
1365 893 1441 936 nar-

318 968 479 1033 rationem
500 968 611 1033 tradit
624 968 739 1054 primis
761 969 905 1034 tenebris
927 970 1028 1038 boves
1054 973 1222 1058 aliquanto
1246 981 1321 1039 ante
1338 973 1440 1059 signa

317 1077 409 1135 actos
432 1093 517 1149 esse;
541 1079 706 1156 postremo
729 1092 827 1135 versu
848 1075 1005 1158 294.sqq.
1027 1098 1093 1139 non
1114 1097 1219 1160 pauca
1241 1075 1283 1140 ad
1298 1075 1439 1140 Homeri

314 1173 502 1258 exemplum
530 1174 569 1237 Il.
599 1175 644 1254 K,
670 1197 702 1237 v.
729 1177 779 1242 74.
804 1196 891 1258 sqq,
913 1199 943 1240 v.
968 1179 1054 1259 154,
1076 1202 1107 1241 v.
1133 1179 1203 1244 157.
1227 1199 1298 1261 sqq.
1322 1177 1437 1242 adum-

316 1272 411 1338 brata
433 1274 571 1340 addidit.

402 1381 466 1460 13,
485 1379 575 1444 Ante
596 1377 958 1466 pugnamCennensem
967 1379 1136 1446 Hannibal
1157 1389 1195 1446 ut
1206 1382 1438 1448 fortitudinem

315 1479 456 1544 militum
478 1490 598 1567 augeat
623 1481 769 1566 praemia
794 1482 987 1548 nominatim
1013 1492 1160 1548 recenset
1180 1507 1266 1568 quae
1292 1485 1437 1554 fortibus

278 1611 282 1618 ·
313 1580 480 1648 destinata
502 1584 578 1667 sint,
601 1592 634 1650 et
657 1581 986 1671 Carthaginiensibus
1001 1583 1133 1668 quidem
1156 1608 1254 1672 agros
1277 1596 1310 1652 et
1331 1589 1439 1654 multa

315 1684 381 1750 alia
406 1683 508 1770 dona,
539 1687 673 1778 populis
701 1687 844 1753 externis
873 1687 1040 1752 civitatem
1068 1685 1371 1774 Carthaginiensem
1399 1713 1437 1756 se

313 1787 468 1852 daturum
491 1811 561 1854 esse
583 1791 757 1875 promittit.
802 1789 906 1876 Apud
919 1789 1039 1857 Silium
1052 1790 1157 1876 igitur
1169 1790 1339 1860 Hannibal
1353 1792 1437 1860 haee

314 1891 395 1956 dieit
415 1891 473 1958 lib.
496 1896 527 1974 9,
542 1916 581 1963 ,1,
603 1895 682 1960 209:

467 2013 520 2080 Qui
537 2029 603 2066 vero
622 2017 737 2066 externo
755 1989 847 2068 socius
866 2013 935 2068 mihi
958 2015 1092 2084 sanguine
1108 2015 1212 2083 Byrsae

466 2101 552 2169 Signa
569 2117 674 2168 moves,
693 2101 822 2154 dextram
838 2101 963 2156 Ausonia
980 2103 1004 2158 si
1022 2103 1106 2158 caede
1124 2107 1267 2159 eruentem

465 2187 594 2256 Attolles‚
612 2187 751 2256 hincjam
768 2188 837 2240 eivis
856 2187 1030 2258 Carthaginis
1048 2191 1120 2244 estol

313 2308 392 2374 Sine
412 2305 514 2373 ‘dubio
538 2306 580 2372 ad
603 2306 737 2373 eandem
758 2330 827 2372 rem
849 2317 977 2396 speetat
997 2309 1097 2374 Ennii
1119 2331 1234 2376 versus
1256 2311 1378 2398 (284.):
1426 2311 1430 2317 ’

524 2427 641 2482 Hostem
659 2429 707 2498 qui
724 2427 806 2483 feriet
822 2429 892 2483 mihi
909 2431 964 2484 erit
980 2429 1221 2499 Karthaginiensis

525 2514 654 2584 Quisquis
673 2517 728 2570 erit
741 2557 767 2572 ..
782 2557 788 2570 .
801 2558 809 2571 .

312 2621 427 2688 Simile
450 2621 530 2706 quid
552 2621 669 2687 Livius
691 2644 823 2706 quoque
843 2630 970 2701 narrat3
992 2643 1098 2706 neque
1119 2630 1229 2688 tamen
1251 2635 1327 2692 ante
1348 2628 1433 2694 hane

311 2747 466 2812 pugnam,
489 2723 547 2790 sed
558 2747 632 2789 eum
654 2723 696 2788 ad
706 2724 857 2788 Ticinum
879 2725 1041 2810 proelium
1067 2734 1255 2810 panaretum
1275 2729 1323 2794 ibi
1346 2731 1431 2796 enim

311 2827 480 2894 Hannibal
512 2826 594 2893 dieit
621 2825 709 2913 apud
741 2827 875 2892 Livium
902 2831 954 2897 21.
984 2831 1037 2897 45.
1066 2827 1124 2912 qui
1152 2831 1316 2896 sociorum
1343 2833 1430 2900 cives

312 2929 600 3016 Carthaginienses
609 2929 809 2994 ‘fierivellent
820 2939 1019 3016 potestatem·
1027 2953 1062 2996 se
1075 2931 1249 2998 facturum.
1284 2933 1350 3002 Sed
1358 2945 1433 3001 ante

311 3055 456 3119 pugnam
489 3030 693 3098 Cannensem
726 3032 815 3119 apud
847 3033 980 3099 Livium
1011 3043 1127 3098 neuter
1154 3033 1222 3099 dux
1250 3038 1430 3104 orationem

310 3134 424 3213 habet3
452 3142 567 3200 eontra
594 3134 681 3221 apud
707 3134 883 3224 Polybium
909 3145 1065 3222 uterque,
1089 3136 1177 3222 apud
1199 3137 1317 3205 Silium
1340 3141 1430 3208 solus
1533 3205 1534 3228 ,

310 3236 488 3302 Hannibal.
533 3237 557 3303 J
559 3260 610 3301 am
631 3261 710 3302 vero
732 3260 808 3303 eum
829 3239 884 3304 ille
905 3259 1019 3306 versus
1038 3239 1208 3306 Ennianus
1230 3241 1288 3324 qui
1309 3243 1367 3307 vix
1389 3244 1431 3308 ad

311 3338 401 3404 aliud
429 3339 510 3424 quid
543 3348 692 3426 spectare
724 3349 835 3426 potest
861 3341 927 3407 nisi
955 3341 997 3406 ad
1023 3341 1205 3406 orationem
1231 3343 1429 3430 Hannibalis

310 3452 386 3508 ante
407 3465 551 3529 pugnam
576 3441 741 3526 habitam,
768 3443 933 3508 annalium
947 3443 1042 3508 libro
1067 3453 1184 3510 octavo
1208 3454 1329 3532 exstet,
1357 3449 1430 3513 nul-

265 3611 269 3620 ,
309 3547 361 3612 lus
385 3555 494 3611 autem
519 3565 634 3611 versus
662 3545 720 3629 qui
747 3544 789 3610 ad
817 3546 998 3610 orationem
1020 3547 1183 3612 Varronis
1213 3546 1327 3614 eodem
1348 3559 1429 3615 tem·
1533 3615 1534 3626 ,

311 3672 391 3735 pore
415 3647 563 3714 habitam
588 3646 703 3711 referri
732 3647 856 3732 possit,
884 3648 974 3733 apud
999 3647 1143 3714 Ennium
1169 3673 1301 3736 quoque
1324 3654 1430 3720 solum

307 3751 528 3816 Hannibalem
549 3749 669 3816 milites
691 3758 767 3814 ante
788 3771 929 3836 pugnam
957 3748 1210 3817 inflammantem
1239 3775 1310 3821 esse
1335 3755 1431 3820 indu-

308 3862 399 3918 ctum
421 3876 548 3920 censeo.
597 3853 661 3918 Illa
683 3853 786 3938 igitur
808 3852 967 3918 orationis
997 3864 1189 3940 argumenta
1216 3878 1301 3940 quae
1328 3856 1430 3925 Silius

309 3979 350 4019 ex
372 3955 461 4020 Livii
482 3957 539 4021 lib.
562 3960 616 4040 21,
638 3978 709 4043 cap.
722 3959 773 4024 43.
798 3978 870 4042 sqq.
891 3954 1023 4020 videtur
1046 3959 1235 4045 sumpsisse,
1258 3959 1300 4024 ab
1321 3959 1430 4026 Ennio

304 4063 374 4145 jam
397 4079 468 4124 esse
495 4059 626 4144 prolate
654 4059 740 4126 unde
766 4067 799 4124 et
825 4057 928 4126 Silius
950 4067 983 4124 et
1006 4059 1122 4128 Livius
1144 4061 1330 4147 hauserint,
1360 4085 1430 4128 ore-

307 4161 409 4228 dibile
432 4169 490 4228 est.
1017 4187 1020 4192 ·
