3096 4880
698 237 739 302 63

247 424 312 505 17.,
342 420 456 508 Copiis
483 422 587 508 igitur
615 443 698 506 quas
732 421 794 486 hae
819 423 917 487 urbes
946 432 1003 487 aut
1029 421 1188 488 Romanis
1221 431 1278 487 aut

158 523 279 591 Poenis
306 533 363 589 aut
391 524 609 612 Syracusanis
636 525 796 593 miserunt
823 525 1008 610 recensitis,
1037 524 1139 592 Silius
1166 534 1278 590 narrat

158 629 334 717 Syracusis
356 629 439 714 ipsis
461 629 583 692 multos
606 629 812 714 conscriptos
835 651 906 694 esse
928 628 1060 712 militae,
1082 629 1140 712 qui
1158 628 1279 693 Poenis

158 733 282 798 auxilio
314 732 532 796 mitterentur.
577 730 742 818 Populum
775 731 860 795 enim
887 730 1131 818 Syracusanum
1164 740 1280 796 contra

157 835 325 900 Romanos
348 857 419 900 esse
440 834 634 920 instigatum
649 835 691 900 ab
708 833 895 899 oratoribus
917 835 975 918 qui
997 833 1174 900 dixissent:
1196 858 1279 898 nun-

157 961 257 1024 quam
278 938 385 1003 rictas
405 939 477 1002 esse
492 936 675 1024 Syracusas
698 946 798 1022 atque
819 937 909 1001 illam
932 960 1083 1023 magnam
1098 935 1280 1002 Athenien-

157 1043 242 1106 sium
265 1041 403 1105 classem
432 1049 508 1104 ante
533 1041 647 1106 oculos
670 1041 817 1126 ipsorum
838 1061 979 1105 mersam
1002 1045 1083 1106 esse.
1129 1039 1224 1124 Quae
1246 1041 1280 1104 in

155 1145 207 1209 his
230 1143 380 1209 versibus
401 1143 570 1228 leguntur:

174 1264 255 1336 (284.)
490 1267 534 1317 ter
552 1269 663 1318 centum
681 1268 745 1319 ante
765 1282 815 1318 ora
832 1265 960 1318 triremes

336 1351 428 1406 Unum
445 1351 633 1422 naufragium,
651 1369 811 1421 mersasque
829 1353 941 1420 impune
959 1351 1097 1422 profundo

375 1439 458 1493 Clade
475 1439 660 1510 pharetrigeri
679 1441 810 1495 subnixas
828 1440 902 1510 regis
920 1441 1053 1494 Athenas.

158 1545 289 1630 Quibus
312 1543 421 1608 verbis
448 1545 651 1628 expressisse
679 1541 798 1612 Silium
821 1542 990 1609 Ciceronis
1012 1545 1121 1609 locum
1143 1544 1176 1608 in
1198 1548 1277 1613 Ver.

155 1653 187 1733 5‚
210 1653 262 1717 98.
287 1650 357 1733 jam
378 1645 559 1731 Rupertius
590 1647 734 1710 notavit:
762 1669 856 1730 „quo
882 1646 1135 1712 Atheniensium
1163 1648 1279 1713 classis

156 1752 228 1817 sola
249 1755 327 1836 post
348 1748 517 1813 hominum
536 1749 726 1814 memoriam
749 1747 838 1813 000
859 1749 998 1815 navibus
1013 1752 1047 1814 vi
1070 1773 1108 1815 uc
1129 1751 1279 1814 multitu-

156 1853 231 1918 dine
253 1852 391 1929 invasit3
414 1873 499 1934 quae
521 1851 555 1916 in
577 1874 615 1916 eo
638 1852 711 1938 ipso
735 1859 844 1937 portu,
866 1852 932 1916 loci
952 1853 1057 1938 ipsius
1079 1862 1198 1918 natura
1220 1854 1279 1938 (—

156 1957 197 2022 cf.
227 1977 358 2020 versum
384 1957 462 2022 283:
496 1954 627 2040 ingenio
660 1957 847 2041 portus—)
876 1955 965 2020 victa
997 1965 1096 2040 atque
1124 1966 1297 2044 superata¹

156 2069 215 2125 est.
239 2058 293 2122 hic
315 2057 458 2142 primurn
481 2080 560 2144 opes
583 2057 671 2124 illius
694 2057 839 2124 civitatis
855 2059 1073 2124 comminutae
1088 2058 1278 2145 depressae-

155 2185 220 2248 que
247 2169 338 2240 sunt3
367 2159 401 2226 iu
426 2159 491 2226 hoc
524 2168 624 2245 portu
650 2160 903 2225 Atheniensium
931 2161 1115 2227 nobilitatis
1148 2159 1293 2248 imperii

154 2264 280 2352 gloriae
301 2262 509 2347 naufragium
531 2262 654 2328 factum
678 2263 894 2328 existimatur.

243 2369 304 2449 18„
324 2363 470 2430 Tandem
486 2365 670 2452 Syracusae
686 2389 706 2429 a
720 2365 881 2430 Marcello
897 2376 1136 2453 expugnantur.
1176 2365 1279 2454 Cujus

155 2469 247 2534 urbis
275 2468 493 2554 direptionem
520 2467 567 2532 ita
594 2465 727 2534 definite
755 2477 788 2533 et
814 2491 873 2556 per
901 2478 1013 2556 partes
1035 2493 1125 2534 more
1146 2472 1278 2556 poetico

156 2572 250 2638 effert
266 2571 390 2654 Silius,
419 2580 456 2635 ut
483 2593 652 2637 recensum
682 2569 783 2634 faciat
804 2571 1064 2636 memorabilium
1087 2563 1223 2658 operum
1246 2584 1279 2639 et

155 2675 429 2740 monimentorum
452 2672 702 2759 Syracusarum.
749 2673 825 2756 Qua
851 2675 885 2738 in
913 2697 948 2738 re
969 2674 1119 2740 hausisse
1141 2698 1215 2741 eum
1238 2700 1279 2742 ex

156 2775 315 2842 Cicerone
337 2775 402 2842 loci
423 2774 543 2840 docent
565 2777 623 2859 qui
645 2786 842 2861 sequuntur:

370 2963 469 3020 Silius.
960 2968 1065 3022 Cicero.

603 3031 611 3048 l

155 3073 215 3127 641.
233 3071 343 3138 Totum,
362 3087 417 3138 qua
434 3069 546 3124 vehitur
563 3070 654 3140 Titan,
748 3071 777 3124 in
794 3072 873 3126 Verr.
891 3073 917 3140 4,
935 3075 977 3128 52.
998 3075 1057 3129 117.
1077 3071 1182 3127 Urbem
1199 3073 1279 3143 Syra·

154 3177 211 3213 non
228 3159 285 3213 ulla
302 3175 353 3226 per
371 3159 468 3212 orbem
785 3176 863 3214 cusas
874 3161 1023 3214 maximam
1032 3177 1094 3214 esse
1102 3158 1277 3229 Graecarum,

153 3247 225 3300 Tum
248 3265 308 3302 sese
333 3245 490 3300 Isthmiacis
520 3252 685 3316 aequassent
784 3247 1000 3317 pulcherrimam
1009 3249 1134 3303 omnium
1143 3265 1278 3318 saepesa-

190 3335 294 3406 oppida
311 3335 418 3390 aeaeis.
785 3335 879 3403 urscia
899 3317 943 3390 aa
960 3337 1000 3391 ra
1017 3340 1049 3390 a
1067 3336 1178 3390 eiciar.

154 3442 180 3479 v.
199 3423 274 3478 643.:
749 3423 805 3478 Cic.
829 3423 859 3477 in
881 3424 962 3478 Verr.
980 3425 1010 3494 4,
1033 3426 1076 3482 53.
1102 3423 1173 3479 118.:
1197 3423 1278 3478 inea

152 3509 209 3565 Tot
226 3511 342 3565 delubra
360 3509 456 3578 deum,
470 3553 475 3565 .
490 3550 516 3563 ..
785 3511 813 3580 (i.
833 3529 856 3566 e.
873 3516 954 3581 parte
972 3511 1051 3567 urbis
1068 3529 1138 3581 quae
1156 3512 1277 3581 appella·

784 3603 830 3654 tur
855 3600 958 3671 Insula)
986 3604 1051 3654 suut
1079 3599 1161 3653 aedes
1185 3615 1277 3653 sacrae

784 3688 956 3757 complures,
980 3687 1030 3741 sed
1053 3685 1123 3738 duae
1146 3702 1217 3753 quae
1234 3703 1277 3740 ce·

782 3774 849 3828 teris
867 3773 949 3843 longe
967 3773 1134 3828 antecellant
1147 3813 1153 3825 .
1167 3813 1173 3826 .
1188 3815 1194 3826 .
1208 3794 1226 3842 ,3
1238 3773 1278 3843 (in

783 3862 871 3914 altera
893 3867 973 3929 parte
995 3860 1083 3930 urbis)
1108 3860 1152 3914 cui
1174 3879 1277 3916 nomen

757 4013 758 4018 Ἰ
782 3948 942 4002 Achradina
960 3953 1002 4002 est
1015 3991 1020 4003 .
1035 3990 1061 4003 ..
1081 3954 1123 4004 est
1140 3951 1276 4020 templum
1345 3949 1350 3964 ‘

784 4035 924 4105 egregium
952 4034 1030 4089 Jovis
1058 4033 1197 4107 Olympii.
1217 4081 1223 4093 .
1243 4081 1249 4092 .
1269 4081 1276 4093 .

783 4121 867 4176 tertia
890 4127 933 4175 est
956 4123 1035 4193 urbs,
1061 4140 1130 4192 quae
1153 4127 1229 4195 quod
1246 4125 1276 4179 in
