3096 4880
698 294 735 357 ll

159 479 211 535 Sil.
240 481 281 534 13.
310 481 369 536 680.
398 477 555 533 Hasdrubal
586 478 685 533 adesus
750 478 816 532 Liar.
826 479 850 532 1.
861 479 885 532 7.
896 477 967 533 extis
977 476 1077 544 adesis,
1095 476 1113 531 i.
1124 494 1147 532 c.
1165 491 1281 545 prorsus

192 568 331 636 cladibus,
356 568 374 621 i.
399 585 421 622 e.
444 583 558 636 prorsus
582 564 685 620 fractus
785 566 949 634 absumptis.
989 565 1073 634 Apud
1103 565 1172 619 alios
1195 563 1280 633 scrip-

191 659 220 710 et
237 657 326 710 victua
345 655 479 709 cladibus.
785 658 860 708 tores
889 651 989 708 adesus
1016 671 1074 707 non
1102 655 1145 706 est
1166 668 1280 722 prorsus

786 747 980 811 consumptus,
999 741 1049 794 sed
1067 757 1101 794 ex
1119 743 1199 811 parte
1217 756 1281 792 con·

786 833 912 898 sumptus
931 834 963 883 ut
980 828 1084 898 Vergil.
1102 827 1280 882 1481195117.

786 918 862 971 adesi
876 921 987 988 postes,
1006 916 1104 970 Horat
1124 915 1174 970 011.
1194 916 1218 970 3.
1238 915 1281 970 29.

786 1007 828 1060 36.
861 1005 938 1059 adesi
966 1003 1073 1073 lapides
1103 1004 1120 1058 i.
1149 1021 1172 1058 e.
1205 1003 1281 1057 leves

785 1091 901 1162 lapides.

157 1209 312 1276 Poteram
334 1207 438 1272 multa
454 1207 518 1272 alia
538 1205 687 1291 exempla
703 1205 832 1272 addere.
871 1205 937 1274 Sed
955 1208 1024 1291 jam
1045 1205 1097 1272 his
1120 1231 1161 1272 ex
1182 1208 1281 1274 rebus

56 1337 57 1341 ¹
157 1313 254 1378 facile
276 1312 415 1398 intelligi
430 1333 528 1396 posse
549 1332 664 1374 censeo
680 1317 842 1393 quatenus
859 1308 961 1376 Silius
977 1311 1076 1375 etiam
1098 1311 1132 1374 in
1154 1311 1281 1375 ratione

157 1425 292 1501 arteque
316 1412 479 1480 scribendi
501 1437 521 1478 a
543 1412 641 1477 Livio
664 1410 815 1498 pendeat.

242 1517 397 1584 Errasset
419 1540 497 1582 vero
520 1517 578 1601 qui
600 1524 747 1580 censeret
767 1514 885 1581 Silium
907 1514 943 1580 id
963 1525 1093 1580 tantum
1116 1517 1223 1604 egisse
1245 1525 1283 1580 ut

158 1645 199 1686 ex
227 1622 337 1688 soluta
371 1609 519 1684 oratione
547 1640 662 1682 versus
689 1617 826 1696 faceret3
860 1640 934 1681 eum
968 1620 1053 1683 enim
1080 1643 1146 1685 non
1175 1621 1282 1686 solum

157 1747 266 1788 rerum
289 1724 494 1808 scriptorem,
518 1718 576 1786 sed
597 1719 697 1784 etiam
719 1719 872 1785 carminis
888 1721 973 1805 epici
988 1730 1154 1788 auctorem
1169 1721 1283 1788 haberi

157 1827 303 1892 voluisse
321 1828 390 1911 jam
412 1848 453 1888 ex
475 1823 591 1910 primis
614 1821 767 1887 carminis
789 1824 859 1907 ejus
882 1823 1032 1889 versibus
1056 1835 1203 1911 apparet,
1225 1827 1283 1891 ubi

158 1931 311 2016 exposito
340 1927 445 1991 totius
475 1926 584 2012 operis
618 1933 811 2018 argumento
845 1925 891 2010 (u.
919 1927 1048 2011 1-20)
1075 1935 1108 1990 et
1142 1926 1283 1994 Cartha.

159 2034 246 2118 ginis
269 2030 397 2115 origine
418 2028 585 2114 descripta
612 2028 658 2113 (v.
687 2030 830 2114 21-28)
858 2028 948 2094 June
971 2029 1140 2095 inducitur
1161 2031 1282 2098 Poenis

160 2143 194 2198 et
215 2133 356 2197 maxime
384 2129 517 2216 quidem
544 2131 726 2197 Hannibali
754 2129 797 2195 ad
825 2131 946 2196 bellum
974 2143 1090 2208 contra
1115 2133 1283 2201 Romanos

161 2234 339 2323 gerendum
370 2235 496 2300 animos
530 2234 717 2301 incendens.
762 2232 965 2299 Procedente
998 2245 1107 2301 autem
1139 2239 1283 2303 carmine

161 2340 260 2404 etiam
283 2339 355 2404 aliis
378 2337 448 2402 deis
471 2336 661 2421 deabusque
683 2338 766 2402 aliae
788 2347 900 2424 partes
923 2338 1122 2404 tribuuntur.
1168 2343 1283 2408 Venus

161 2443 247 2507 enim
270 2439 438 2506 inducitur
463 2441 535 2526 (lib.
558 2446 597 2524 3,
624 2465 655 2506 v.
679 2444 752 2508 557.
776 2443 866 2527 sqq.)
890 2439 978 2527 apud
993 2441 1113 2507 ‚lovem
1136 2443 1176 2509 de
1196 2447 1283 2531 peri·

161 2546 234 2610 culo
255 2544 414 2609 Romanis
436 2543 617 2607 imminenti
638 2552 773 2627 questa,
800 2553 870 2607 tum
893 2544 966 2629 (lib.
988 2549 1026 2629 4,
1053 2571 1084 2610 v.
1108 2551 1169 2615 667
1194 2551 1283 2635 sqq.)

161 2648 350 2734 Scipionem
389 2669 464 2711 curn
497 2645 618 2711 Trebia
646 2647 778 2710 flumine
812 2656 1012 2732 pugnantem
1052 2672 1114 2734 ope
1142 2651 1284 2716 Volcani

161 2751 306 2836 periculo
334 2751 493 2836 eripiens,
527 2747 644 2813 deinde
672 2748 744 2833 (lib.
774 2754 829 2832 11,
860 2774 892 2814 v.
919 2753 992 2818 385.
1025 2753 1115 2837 sqq.)
1150 2750 1283 2840 Capuae

162 2876 224 2939 cpe
237 2851 437 2938 Cupidinum
449 2853 578 2918 Poenos
591 2875 759 2934 enervans,
772 2850 911 2935 denique
923 2852 995 2937 (lib.
1011 2858 1060 2937 17,
1072 2879 1102 2918 v.
1118 2859 1284 2944 28381111.)

161 2956 312 3041 Neptuni
338 2956 420 3020 iram
450 2957 616 3041 mitigans
662 2954 752 3020 June
781 2962 890 3018 autem
917 2956 1137 3042 Tissiphonen
1165 2959 1207 3023 ab
1235 2961 1283 3025 in-

161 3059 240 3124 feris
262 3066 389 3138 ¹evocat
417 3081 503 3142 quae
531 3058 733 3143 Saguntinos
761 3065 858 3122 vexet
886 3057 958 3142 (lib.
981 3064 1011 3142 2,
1034 3084 1065 3123 v.
1088 3065 1151 3129 526
1179 3065 1284 3149 sqq.);

163 3187 182 3226 a
204 3161 325 3226 Trebia
347 3162 480 3226 flumine
509 3162 592 3247 petit
615 3159 687 3245 (lib.
710 3165 746 3243 4,
775 3185 805 3224 v.
828 3165 892 3228 574
914 3164 1003 3247 sqq.)
1025 3171 1063 3226 ut
1084 3163 1182 3230 undis
1205 3167 1284 3251 suis,

163 3265 203 3330 ab
216 3265 323 3330 Aeolo
345 3265 418 3349 (lib.
442 3269 473 3349 9,
495 3290 526 3330 v.
548 3267 612 3332 499
635 3266 735 3348 sqq),
757 3272 795 3326 ut
809 3263 975 3328 Volturno
998 3275 1096 3332 vento
1117 3266 1285 3335 Romanos

162 3367 293 3455 perdat3
323 3365 441 3432 deinde
467 3367 502 3431 in
523 3367 718 3433 Trasumeni
747 3366 839 3432 lacus
865 3388 984 3430 numen
1012 3390 1169 3435 conversa
1191 3372 1284 3436 Han-

163 3470 265 3536 nibali
297 3471 332 3534 in
365 3493 479 3536 somno
512 3478 650 3557 apparet
682 3470 826 3535 animum
861 3470 932 3554 ejus
966 3468 1008 3534 ad
1041 3473 1284 3558 persequendos

163 3571 274 3638 hostes
296 3571 501 3640 inflammans
524 3574 596 3658 (lib.
619 3577 651 3656 4,
672 3598 704 3637 ιι.
728 3577 790 3641 722
813 3574 916 3658 sqq.);
945 3580 1016 3637 tum
1038 3575 1170 3639 Annam
1191 3600 1285 3664 nym-

163 3673 263 3762 pham
295 3676 398 3739 mittit
431 3676 473 3741 ad
505 3676 727 3742 Hannibalem
758 3675 828 3740 fata
860 3675 972 3740 futura
1005 3677 1035 3740 ei
1060 3678 1284 3746 nuntiaturam

163 3777 235 3862 (lib.
259 3781 295 3861 8,
317 3803 348 3842 v.
372 3781 414 3844 35
437 3781 542 3865 sqq.);
571 3787 752 3865 sequuntur
779 3778 902 3844 multae
923 3780 993 3863 ejus
1016 3778 1285 3870 machinationes,

163 3905 247 3966 quas
270 3881 529 3966 praetermittere
544 3906 630 3947 nuno
651 3883 759 3947 liceat.
804 3881 890 3944 Tum
904 3880 998 3946 Mars
1021 3881 1055 3944 in
1070 3906 1182 3969 pugna
1198 3883 1285 3951 Can-

163 3985 256 4049 nensi
283 4008 302 4048 a
329 3983 480 4069 partibus
512 3984 735 4050 Romanorum
762 4007 913 4070 pugnans
941 3984 1013 4069 (lib.
1042 3990 1078 4070 9,
1105 3991 1168 4056 438
1195 3993 1285 4076 sqq.)

162 4088 340 4172 furensque
355 4087 389 4152 in
405 4086 693 4175 Carthaginienses
715 4087 788 4172 (lib.
804 4095 841 4170 9,
863 4091 926 4155 486
941 4090 1008 4174 sq.)
1024 4089 1169 4176 fingitur,
1192 4101 1285 4176 post-

164 4215 262 4277 quam
286 4194 356 4276 jam
382 4201 479 4257 antea
511 4192 544 4256 in
578 4215 689 4278 pugna
720 4188 763 4256 ad
791 4190 943 4256 Trebiam
976 4193 1064 4258 facta
1098 4191 1285 4278 Scipionem
